1981 3110
137 318 143 325 ‘
164 312 173 322 ‘
212 302 560 371 “composifflm
588 292 666 366 est,
693 306 858 356 litterae
874 312 994 355 illius
1021 314 1166 368 postea
1185 274 1345 357 deletae
1363 309 1564 384 speciem,

251 2157 257 2161 ἡ
287 2103 499 2145 descendit
539 2116 564 2144 a
593 2104 728 2144 radice
754 2099 836 2157 ὁμο
861 2106 1072 2158 (quaeest
1102 2105 1144 2146 in
1173 2099 1293 2157 ὁμοῦ,
1323 2099 1474 2158 ὁμοῖος
1500 2104 1592 2145 aliis
1623 2126 1677 2134 —
1699 2104 1770 2165 cf.-
1799 2112 1819 2146 J

294 381 562 433 servaverint.

410 451 531 499 Quae
562 453 599 494 si
630 453 762 494 animo
792 455 992 502 tenemus,
1021 452 1172 492 multos
1200 451 1336 493 hiatus
1366 452 1476 507 apud
1497 450 1721 501 Homerum

291 521 425 563 medio
463 523 610 564 tollere
651 535 890 576 possumus,
928 523 972 561 at
1005 534 1086 561 non
1116 534 1277 572 omnes,
1315 521 1378 561 uti
1403 533 1528 576 supra
1555 521 1658 562 iam
1678 572 1679 575 Ἴ

290 586 408 633 Inter
446 591 541 633 illas
579 604 678 632 vero
711 591 871 632 litteras
911 590 1133 644 spirantes,
1185 602 1288 646 quas
1317 591 1535 632 evanuisse
1573 575 1804 641 diximus,
1815 621 1818 625 .

290 661 495 702 latissime
519 661 652 715 patuit
681 661 938 713 digammum,
968 660 1076 714 quod
1104 661 1153 699 ob
1183 672 1274 699 eam
1301 660 1432 713 ipsam
1449 672 1614 700 causam
1633 658 1780 716 man,

290 743 402 771 mum
437 730 545 784 cepit
581 729 876 770 detrimentum.
935 727 1081 783 Itaque
1118 729 1154 769 si
1190 729 1281 783 quis
1311 728 1569 782 digammum,
1599 719 1795 772 ubinam
1798 742 1820 766 ‘-

293 792 428 839 locum
469 798 577 852 apud
603 797 825 838 Homerum
862 800 972 838 recte
1013 797 1250 847 obtinuerit,
1301 798 1464 850 penitus
1493 793 1761 859 perspexerit,

283 868 524 922 'complures
563 866 700 908 hiatus
739 881 762 907 e
795 867 926 907 medio
962 867 1106 907 tollere
1140 867 1289 920 potest.
1356 867 1418 908 De
1457 879 1538 921 qua
1571 881 1616 907 re
1633 855 1764 909 'malti

292 937 421 977 multa
447 936 677 990 nuperrime
706 936 1041 989 disputaverunt3
1071 949 1146 976 nos
1178 938 1314 977 autem
1341 936 1548 977 mittamus
1577 927 1767 984 hocloco

292 999 569 1061 quaestionem
589 1005 640 1046 de
659 1005 873 1059 digammo,
895 1017 1015 1060 quam
1035 1004 1139 1045 infra
1159 1005 1387 1046 instituturi
1415 1017 1565 1046 sumus.
1605 994 1763 1047 Eadem

292 1075 469 1124 ratione,
509 1086 589 1127 qua
631 1072 856 1123 Homerus,
896 1074 1026 1113 utitur
1054 1073 1228 1127 hymnus
1254 1075 1414 1123 noster,
1449 1074 1491 1113 in
1515 1085 1595 1126 quo
1624 1072 1763 1127 hiatus

289 1143 461 1194 tollitur,
493 1142 545 1183 si
556 1142 802 1196 digammum
821 1142 976 1183 initiale
996 1142 1123 1183 fuisse
1142 1142 1342 1193 volumus,
1370 1142 1412 1183 in
1426 1141 1538 1182 hisce
1552 1140 1772 1185 versibus}
1817 1134 1820 1138 ⁴

293 1215 329 1252 1.
354 1215 421 1253 43.
453 1213 519 1253 53.
550 1213 625 1255 56.
646 1213 712 1254 59.
744 1214 809 1252 63.
841 1215 907 1252 90.
936 1214 1000 1252 92.
1034 1214 1127 1252 112.
1161 1215 1255 1253 113.
1288 1213 1381 1251 164.
1414 1213 1508 1252 167.
1542 1212 1637 1250 181.
1664 1207 1770 1251 205.
1818 1262 1820 1264 q

292 1283 387 1322 207.
419 1283 513 1321 210.
542 1282 637 1321 232.
669 1283 764 1322 267.
795 1282 890 1321 280.
934 1280 1039 1321 Sunt
1065 1283 1200 1320 autem
1227 1280 1410 1320 nonnulli
1428 1280 1519 1329 loci,
1548 1279 1618 1320 ubi
1638 1291 1765 1335 quum⁴
1784 1312 1798 1329 Ἴ.

288 1348 426 1389 hiatus
465 1349 515 1389 ob
555 1361 791 1389 caesuram
803 1349 1005 1403 quandam
1030 1349 1222 1389 maiorem
1251 1348 1348 1389 ferri
1377 1349 1526 1401 possit,
1569 1347 1775 1406 digammi'
1789 1342 1818 1399 ᾖ*

288 1419 401 1457 certa
430 1419 673 1470 argumenta
693 1418 849 1458 desint:
890 1418 932 1457 in
961 1432 1028 1458 vv.
1061 1422 1084 1458 9
1116 1418 1190 1457 bis.
1220 1420 1274 1457 10
1301 1419 1375 1457 ter.
1405 1418 1469 1457 15.
1500 1420 1564 1457 18.
1595 1419 1662 1457 30.
1692 1406 1782 1456 415.

287 1487 355 1527 48.
383 1487 449 1526 64.
480 1487 546 1527 82.
579 1488 658 1527 171
688 1485 761 1526 bis.
789 1487 882 1527 185.
905 1487 1001 1537 208,
1018 1497 1269 1541 quamquam,
1293 1487 1340 1526 ut
1359 1483 1627 1526 Hoffmannus
1648 1481 1765 1526 recte

285 1557 440 1604 monet,
491 1555 591 1594 nihil
636 1555 825 1607 impedit,
879 1556 1092 1608 quominus
1134 1555 1198 1594 his
1237 1554 1337 1594 locis
1374 1555 1631 1606 digammum.
1663 1541 1790 1594 esses

289 1623 530 1663 statuamus.
1738 1630 1741 1632 ’
1764 1670 1766 1674 .
1811 1664 1814 1669 ,

404 1691 618 1733 Accedunt
669 1693 778 1746 apud
814 1692 1034 1733 Homerum
1080 1693 1148 1733 alii
1193 1693 1346 1743 hiatus,
1393 1692 1461 1746 qui
1508 1692 1657 1733 litteris
1695 1691 1768 1732 his«
1799 1698 1821 1750 ζ,

287 1761 536 1814 spirantibus
588 1761 832 1802 oblitteratis
888 1793 899 1811 ,
913 1776 944 1802 s.
970 1762 1007 1802 h.
1032 1762 1080 1813 j.‘
1128 1763 1340 1814 explanari
1386 1763 1558 1814 possunt
1608 1784 1664 1790 —-
1708 1761 1767 1801 012*
1814 1790 1819 1795 .

284 1828 512 1870 Hoffmann.
547 1829 573 1870 l.
602 1830 629 1870 1.
659 1828 703 1873 II
742 1843 811 1883 pg.
847 1831 983 1871 5—7.
1052 1829 1294 1872 Huiusmodi
1322 1831 1510 1884 exempla
1538 1830 1580 1870 in
1607 1829 1770 1888 hymog

285 1901 426 1939 nostro
461 1900 628 1939 exstant
665 1899 755 1938 duo.
814 1899 970 1952 Nempe
1010 1901 1052 1939 in
1088 1914 1125 1940 v.
1172 1903 1254 1941 135
1295 1903 1389 1940 ante
1428 1913 1569 1940 vocem
1597 1886 1797 1951 ὁμόθενἋ

288 1968 356 2006 est
384 1967 533 2017 hiatus,
560 1967 628 2021 qui
658 1979 781 2021 quum
810 1979 979 2007 caesura
1010 1967 1343 2021 semiseptenaria
1369 1966 1570 2022 particula
1595 1958 1771 2020 copula?
1786 2004 1788 2007 ,

290 2036 378 2075 tiva
393 2031 464 2075 τοί
479 2036 692 2075 debilitata
708 2036 773 2083 sit,
788 2048 867 2075 non
884 2048 1006 2088 posse
1028 2037 1124 2076 ferri
1139 2037 1312 2076 videtur.
1336 2036 1430 2076 Vox
1449 2038 1585 2076 autem
1595 2025 1770 2088 ὁμόθεν]
1789 2045 1793 2049 ·

287 2172 367 2226 Gg.
393 2172 524 2214 Curtii
550 2172 576 2212 l.
596 2172 623 2212 1.
651 2186 720 2226 pg.
743 2174 854 2225 300),
886 2186 1007 2227 quam
1035 2175 1314 2228 antiquissimo
1329 2176 1511 2227 tempore
1528 2186 1645 2214 usam
1665 2169 1771 2214 esse
1794 2218 1796 2220 .
1817 2207 1821 2210 .

287 2242 427 2283 littera
477 2243 543 2292 ,α’
589 2241 734 2282 initiali
781 2242 997 2283 edocemur
1033 2246 1299 2296 cognatarum
1338 2243 1570 2297 linguarum
1607 2232 1772 2293 fonnis,
1805 2246 1815 2249 ‘⁷

287 2310 418 2351 veluti
447 2311 615 2351 exstant
639 2310 681 2349 in
709 2310 851 2362 lingua
881 2309 1091 2351 Sanscrita
1119 2324 1303 2362 ,sama-m
1330 2314 1373 2351 et
1403 2311 1586 2364 sama-ja,
1611 2312 1653 2353 in
1681 2306 1772 2352 liip-
1795 2300 1811 2352 f

285 2391 368 2431 gua
396 2378 524 2418 latina
544 2377 683 2418 simu-l
709 2380 752 2417 et
772 2378 962 2429 simi-li-s‚
993 2379 1034 2419 in
1050 2380 1191 2432 lingua
1214 2380 1351 2432 getica
1369 2381 1523 2430 ,sama‘
1549 2379 1758 2430 derselbe‘,
1805 2432 1808 2437 ι

285 2448 328 2487 in
366 2447 508 2500 lingua
542 2446 743 2488 theotisca
782 2448 1006 2502 antiquiore
1046 2461 1298 2500 ze-samane,
1344 2450 1452 2502 quod
1482 2450 1547 2489 est
1574 2448 1773 2490 nostrum*

287 2528 356 2556 zu·
360 2517 563 2556 sammon!
636 2514 752 2562 Quae
793 2516 932 2558 littera
978 2519 1044 2568 ,σι
1083 2517 1250 2558 initialis
1285 2520 1429 2570 postea
1465 2517 1506 2558 in
1534 2517 1702 2559 vocibus
1734 2526 1807 2564 af..

294 2585 424 2637 stirpe
463 2595 599 2635 σαμο-
638 2584 835 2624 derivatis
874 2587 940 2625 est
981 2586 1231 2636 oblitterata,
1276 2589 1319 2625 at
1345 2586 1433 2625 eius
1458 2586 1524 2625 vis
1546 2585 1594 2625 id
1620 2587 1776 2639 tamen
1803 2588 1823 2635 {r
1888 2591 1894 2598 “

284 2652 439 2703 effecit,
480 2653 527 2693 ut
555 2651 692 2694 hiatus
722 2653 817 2694 ante
846 2652 940 2694 illas
964 2667 1087 2695 voces
1115 2667 1253 2695 omnes
1278 2653 1392 2695 ferri
1403 2654 1555 2708 posset.
1613 2646 1758 2727 Altera
1805 2650 1807 2653 ’

284 2734 369 2763 vox
400 2724 466 2762 est
504 2722 547 2762 in
583 2735 621 2761 v.
654 2723 748 2772 153,
774 2723 843 2763 ubi
872 2724 1036 2763 videtur
1063 2724 1200 2769 hiatus
1230 2736 1323 2763 esse
1352 2724 1459 2763 inter
1483 2734 1608 2762 voees
1633 2710 1758 2778 γύνᾶἱ

283 2791 328 2832 et
355 2784 507 2832 εἰκυῖα.
555 2789 652 2831 Vox
680 2784 817 2832 εἰκυῖα
850 2791 1060 2834 descendit
1086 2805 1112 2833 a
1132 2791 1299 2843 radice,
1309 2786 1371 2832 ἶκι
1398 2789 1593 2842 ,ahnlich,
1606 2789 1755 2852 ςΙθίὼ

284 2859 406 2908 sein‘,
441 2871 564 2912 quam
602 2857 869 2900 Hoffmannus
914 2861 957 2914 (l.
985 2860 1085 2900 1.11
1113 2873 1182 2914 pg.
1206 2861 1278 2912 36)
1318 2860 1522 2912 digammo
1561 2858 1673 2901 male
