1981 3160
934 149 989 157 ...
1055 130 1082 169 8
1142 151 1199 159 -

332 267 430 294 num
466 252 763 293 homericorum
798 253 1102 306 praeluderent.
1161 251 1228 292 Ex
1257 252 1488 294 huiusmodi
1515 254 1732 307 prooemiis
1762 255 1805 293 et

327 321 568 374 fragmentis
608 321 907 373 prooemiorum
942 322 1046 361 hanc
1073 321 1257 360 nostram
1285 321 1535 373 farraginem
1561 323 1804 376 hymnorum

327 403 419 431 esse
449 389 678 431 conflatam.
723 388 807 432 Sed
835 390 937 431 nihil
967 390 1018 431 de
1047 389 1197 443 hymno
1225 391 1365 430 nostro
1397 391 1484 432 solo
1510 386 1619 433 dicit.
1652 390 1804 431 Fusius

326 459 419 498 dein
469 459 654 512 disputat
689 455 941 500 Matthiaeus
985 459 1027 498 in
1068 457 1502 500 Animadversionibus
1555 461 1597 501 in
1632 460 1803 514 hymnos

325 527 430 568 hom.
461 527 637 581 scriptis.
681 528 846 569 Etenim
873 528 943 568 ille
972 532 1102 580 putat,
1132 527 1305 581 hymnos
1332 530 1491 569 tantum
1518 530 1693 570 minores
1713 542 1806 569 esse

325 592 557 651 προοίμια,
596 598 769 651 hymnos
808 609 906 638 vero
944 596 1119 637 maiores
1156 597 1313 637 minora
1347 610 1441 637 esse
1471 599 1649 639 carmina
1678 598 1804 652 spica,

325 666 361 706 si
391 666 605 707 exordium
633 668 676 706 et
704 667 912 719 epilogum
942 666 1094 715 demas,
1130 665 1320 718 quoniam
1337 679 1455 706 nemo
1478 669 1642 708 credere
1661 667 1804 720 possit,

324 734 512 775 ducentis
542 735 610 774 vel
641 734 950 788 quadringentis
979 735 1169 774 versibus
1184 737 1329 786 poetae
1350 734 1552 778 inferioris
1573 736 1691 776 datas
1711 747 1804 775 esse

326 815 446 843 aures
473 805 524 844 ab
550 803 612 854 iis,
644 803 713 857 qui
742 802 964 843 Homerum
992 803 1133 842 audire
1164 802 1330 843 vellent.
1390 802 1448 857 At
1477 817 1601 858 quum
1628 804 1804 858 hymnus

325 873 367 912 in
397 872 601 912 Venerem
628 872 804 912 omnium
826 873 1070 925 hymnorum
1100 872 1153 911 sit
1185 884 1283 912 sane
1310 873 1606 927 pulcherrimus
1637 871 1680 914 et
1704 886 1803 926 pau-

326 941 500 982 cissimis
546 941 704 982 labibus
746 942 788 981 et
833 941 1076 994 corruptelis
1115 940 1303 991 affectus,
1353 941 1606 983 Matthiaeus
1642 942 1803 983 dubitat

324 1023 422 1049 num
460 1010 536 1049 hoc
576 1022 741 1050 carmen
770 1010 930 1053 omnino
962 1010 1123 1063 hymnis
1153 1010 1208 1049 sit
1237 1009 1606 1060 adnumerandum,
1656 1011 1804 1065 quippe

326 1078 434 1131 quod
463 1091 545 1117 non
576 1078 721 1118 laudes
752 1079 929 1117 numinis
951 1091 975 1117 a
994 1079 1048 1127 vi,
1079 1079 1274 1130 potentia,
1303 1079 1516 1118 maiestate
1537 1079 1625 1119 eius
1645 1080 1804 1118 desum-

323 1148 418 1199 ptas
448 1146 649 1196 celebret,
682 1146 755 1186 sed
784 1145 990 1186 Venerem
1013 1158 1043 1186 a
1072 1145 1173 1186 Iove
1203 1148 1245 1186 et
1276 1146 1340 1186 sui
1368 1146 1498 1199 ipsius
1529 1147 1686 1188 artibus
1712 1160 1808 1187 esse

324 1217 559 1269 superatam
587 1217 736 1257 narret.
795 1215 998 1262 Quocirca
1027 1216 1195 1256 carmini
1225 1215 1446 1256 inscribere
1477 1216 1586 1256 vult:
1618 1216 1802 1266 ,Laudes

323 1284 463 1340 stirpis
493 1283 756 1334 Aeneadum‘,
787 1284 1050 1338 depromptae
1080 1297 1134 1325 ex
1160 1285 1337 1325 carmine
1370 1285 1537 1336 maiore,
1585 1285 1693 1339 quod
1723 1288 1803 1326 tra-

322 1354 456 1393 ctaret
482 1356 523 1393 et
544 1354 704 1394 fabulas
736 1352 1002 1393 Troianorum
1021 1356 1064 1393 et
1083 1366 1150 1393 res
1170 1354 1503 1407 posthomericas‚
1525 1365 1626 1409 quas
1647 1356 1805 1396 vocant.

323 1423 551 1472 Clausulas,
584 1436 688 1476 quae
716 1423 830 1463 initio
856 1425 898 1462 et
927 1423 1007 1463 fine
1036 1426 1214 1472 exstent,
1246 1436 1271 1462 a
1299 1423 1503 1476 rhapsodo
1525 1424 1700 1476 quodam
1716 1438 1800 1464 car-

321 1491 420 1531 mini
461 1491 598 1531 allitas
635 1504 740 1531 esse.
799 1490 887 1531 Hac
926 1491 1114 1544 opinione
1156 1491 1334 1531 imbutus
1374 1490 1626 1532 Matthiaeus
1651 1492 1804 1532 refutat

325 1573 397 1610 ea,
441 1573 544 1613 quae
582 1558 866 1600 Groddeckius
905 1560 1096 1612 protulit,
1137 1574 1261 1613 quum
1298 1560 1415 1610 dicit,
1443 1574 1523 1600 non
1564 1574 1667 1613 opus
1711 1575 1803 1601 esse

324 1627 489 1669 Aeneae
519 1628 720 1681 originem
749 1630 792 1669 et
818 1642 883 1669 res
914 1629 1128 1670 natalicias
1156 1629 1199 1670 in
1229 1627 1382 1670 Stasini
1404 1629 1567 1683 Cypriis
1598 1643 1690 1671 esse
1720 1632 1803 1671 tra—

324 1700 452 1738 ditam
482 1711 807 1747 commemorare,
839 1699 999 1738 etiamsi
1028 1698 1069 1737 in
1098 1698 1167 1738 illo
1190 1699 1369 1738 carmine
1386 1697 1552 1738 Aeneae
1572 1712 1639 1739 res
1660 1702 1804 1751 gestae

323 1769 422 1820 post
456 1766 621 1806 Troiam
660 1767 837 1806 dirutam
872 1769 1012 1806 essent
1051 1769 1254 1807 narratae.
1314 1765 1377 1807 Ac
1408 1767 1689 1817 scholiastam‚
1735 1768 1804 1822 qui

323 1835 561 1876 Acusilaum
590 1836 632 1876 in
662 1836 840 1876 medium
872 1838 1072 1885 vocasset,
1103 1849 1202 1876 sane
1223 1835 1432 1876 Stasinum
1461 1837 1801 1888 ipsumnomina-

323 1910 462 1945 turum
501 1905 651 1955 fuisse,
704 1905 739 1944 si
769 1904 838 1944 ille
870 1905 920 1945 de
949 1903 1116 1944 Aeneae
1146 1906 1267 1958 partu
1297 1906 1339 1945 et
1368 1905 1417 1945 de
1447 1905 1609 1946 oraculo
1639 1903 1805 1947 Aeneae

325 1975 504 2028 posteris
536 1975 750 2029 imperium
780 1975 1042 2028 promittente
1073 1975 1226 2029 aliquid
1256 1975 1474 2025 attulisset,
1504 1988 1578 2015 nec
1598 1988 1680 2015 non
1696 1974 1804 2016 Acu-

328 2045 477 2084 silaum
506 2045 659 2098 ipsum,
700 2045 736 2085 si
760 2044 865 2085 hanc
892 2043 1235 2085 narratiunculam
1263 2044 1373 2098 apud
1402 2043 1609 2085 Stasinum
1638 2050 1806 2086 exstare

322 2114 569 2164 invenisset,
622 2115 738 2154 illum
783 2115 843 2154 rei
885 2127 982 2154 sane
1018 2114 1341 2166 spectatissimae
1381 2116 1528 2154 testem
1566 2120 1806 2154 vocaturum

321 2183 461 2223 fuisse.
521 2182 665 2236 Aeque
708 2183 908 2223 incertum
947 2196 1040 2222 esse
1074 2195 1164 2222 eam
1195 2183 1244 2222 ob
1273 2195 1457 2232 causam,
1503 2183 1611 2236 quod
1641 2181 1805 2222 Tithoni

326 2253 466 2295 fabula
493 2253 545 2293 ad
576 2266 643 2293 res
676 2252 850 2305 Cyprias
878 2252 929 2293 sit
957 2253 1183 2302 reserenda,
1211 2253 1352 2305 hymni
1372 2253 1502 2292 nostri
1521 2255 1806 2305 argumentum

322 2337 345 2362 e
367 2321 523 2362 Stasini
543 2321 708 2375 Cypriis
738 2334 833 2360 esse
860 2322 1031 2374 petitam
1050 2323 1208 2374 putare.
1246 2320 1374 2360 Immo
1396 2326 1535 2360 censet
1554 2320 1804 2361 Matthiaeus

320 2393 516 2446 hymnum
551 2394 738 2432 nostrum
772 2392 824 2431 ad
854 2391 1015 2431 laudem
1044 2392 1185 2444 stirpis
1212 2390 1498 2431 Aeneadarum
1526 2404 1619 2431 esse
1646 2404 1803 2444 compo-

322 2462 468 2511 situm,
511 2461 660 2514 quippe
704 2474 829 2514 quum
869 2463 1079 2501 narratum
1121 2460 1195 2511 sit,
1243 2460 1407 2513 generis
1447 2460 1654 2500 auctorem
1680 2472 1704 2499 a
1728 2460 1805 2501 dea

324 2545 420 2572 esse
451 2533 729 2584 procreatum,
759 2531 852 2570 dein
884 2531 978 2584 quia
1003 2529 1208 2571 Anchisae
1238 2531 1382 2582 proavi
1412 2530 1464 2568 ad
1494 2520 1659 2580 gentem
1691 2543 1806 2569 suam

326 2599 622 2640 nobilitandam
654 2599 736 2640 sint
764 2599 806 2640 in
836 2600 1012 2640 medium
1042 2600 1189 2640 vocati.
1219 2599 1364 2650 ,Quod
1394 2598 1473 2638 nisi
1504 2598 1715 2651 ponimus‘,
1745 2598 1803 2638 in-

329 2670 416 2722 quit
435 2670 468 2718 1,
498 2700 510 2718 ,
524 2669 623 2708 nihil
658 2669 837 2722 ineptius
877 2673 919 2709 et
960 2669 1272 2722 inopportunius
1315 2669 1387 2708 illa
1417 2668 1592 2707 Veneris
1624 2667 1805 2707 oratione

412 2817 448 2862 2)
473 2817 498 2853 1.
523 2817 548 2852 1.
574 2826 636 2862 pg.
658 2815 711 2852 71.
