1981 3160
0 1443 2 1467 l

1 1519 15 1533 Δ

322 535 384 575 De
404 534 571 574 Homeri
599 534 842 574 carminibus
873 534 1074 587 quaestio,
1107 544 1210 585 quae
1239 531 1408 580 dicitur,
1439 545 1462 571 a
1482 532 1548 572 Fr.
1569 533 1677 587 Aug.

206 602 380 653 Wolfio,
410 603 710 656 philolog-orum
741 603 893 643 saeculi
920 602 1050 642 nostri
1078 614 1176 641 sane
1206 600 1407 654 principe,
1438 601 1612 654 primum
1636 603 1678 642 in

201 660 512 725 prolegomenis
556 673 637 713 illis
678 673 843 726 inclytis
883 672 1092 725 proposita
1130 671 1223 711 inde
1261 671 1311 709 ab
1349 671 1557 723 octoginta
1593 672 1677 712 fere

206 742 323 781 annis
356 742 593 795 saepissime
632 754 679 782 ac
711 754 865 781 summa
903 755 993 781 cum
1023 740 1236 792 diligentia
1267 740 1544 793 singularique
1575 742 1675 781 assi-

206 809 363 849 duitate
393 823 416 849 a
455 811 556 850 viris
597 810 728 850 doctis
768 812 832 850 est
872 811 1059 850 tractata.
1119 809 1213 855 Qua
1243 820 1366 860 opera
1396 807 1563 847 Homeri
1589 822 1675 848 car-

205 877 381 919 minibus
413 878 648 931 largissime
678 881 720 919 et
750 879 899 932 optime
928 879 1079 918 navata
1107 878 1258 918 factum
1285 878 1370 926 est,
1403 879 1449 916 ut
1479 877 1551 917 illa
1579 891 1674 930 poe-

206 960 299 987 seos
359 948 499 1001 epicae
566 948 762 998 frustula,
817 948 958 1002 hymni
1015 947 1223 996 homerici,
1284 946 1353 999 qui
1422 946 1678 1000 antiquorum

206 1015 411 1066 hominum
436 1016 522 1067 jam
549 1018 728 1069 tempore
761 1018 835 1055 sub
856 1016 1023 1055 Homeri
1056 1016 1213 1054 nomine
1243 1015 1396 1065 insigni
1423 1015 1675 1066 ineptissime

205 1083 608 1134 circumferebantur,
668 1098 691 1124 e
730 1085 949 1125 carminum
996 1083 1289 1124 homericorum
1324 1083 1544 1132 consortiO,
1595 1096 1673 1137 quo

150 1148 153 1150 ’
204 1166 335 1206 pauca
364 1154 489 1207 digna
520 1157 633 1204 sunt,
672 1155 855 1195 seiuncta
886 1168 933 1195 ac
965 1156 1185 1207 segregata
1216 1154 1308 1193 sint.
1364 1153 1421 1193 At
1448 1154 1584 1193 nullus
1614 1154 1673 1193 in-

203 1223 429 1276 terpretum
458 1222 624 1263 Homeri
655 1224 863 1265 doctorum
892 1223 1261 1264 Alexandrinorum
1298 1223 1471 1276 hymnos
1511 1222 1673 1275 ingenio

205 1292 373 1332 Homeri
403 1293 566 1333 videtur
595 1294 804 1344 tribuisse,
850 1307 1005 1347 „quum
1033 1305 1234 1346 nusquam
1269 1293 1310 1331 in
1337 1294 1399 1331 tot
1431 1292 1594 1331 scholiis
1623 1292 1674 1330 ad

203 1360 373 1401 Iliadem
401 1364 443 1401 et
474 1361 703 1415 Odysseam
733 1363 954 1403 auctoritas
985 1364 1227 1415 hymnorum
1257 1361 1486 1411 afferretur,
1531 1373 1669 1414 quam-

204 1441 325 1483 quam
355 1431 443 1470 eius
473 1431 533 1470 rei
562 1432 753 1485 frequens
784 1432 940 1472 occasio
971 1431 1152 1471 fuisset.“
1210 1431 1258 1470 cf.
1289 1430 1409 1470 Wolf
1432 1430 1592 1482 Proleg.
1622 1430 1673 1469 ad

203 1497 320 1538 Hom.
342 1513 402 1552 cp.
427 1499 472 1550 L,
494 1513 561 1553 pg.
585 1503 679 1550 266,
698 1502 777 1540 not.
793 1502 842 1540 51
857 1510 875 1550 ;'
898 1502 944 1540 cf.
967 1499 1154 1540 Schwalb
1175 1500 1226 1539 de
1242 1500 1404 1553 hymnis
1425 1498 1674 1539 Graecorum

200 1568 347 1621 epicis,
396 1574 603 1623 'program
646 1569 757 1612 Olev.
799 1583 833 1610 a.
877 1571 1007 1621 1852,
1052 1582 1119 1623 pg.
1154 1572 1228 1619 143
1276 1568 1324 1609 A.
1356 1566 1583 1610 Guttmann
1621 1568 1672 1608 de

200 1638 441 1691 hymnorum
481 1639 671 1680 homerio.
722 1640 816 1679 hist.
857 1639 981 1679 critic.
1011 1640 1133 1691 partt.
1163 1637 1236 1687 IV,
1275 1651 1344 1690 pg.
1376 1641 1396 1677 1
1434 1651 1518 1691 sqq,
1578 1637 1674 1684 Qua

201 1707 397 1748 societate
437 1708 528 1748 eum
562 1708 739 1749 Homero
779 1708 920 1762 hymni
954 1708 1160 1758 homerici,
1203 1720 1303 1761 quos
1344 1709 1509 1757 vocant,
1560 1706 1672 1746 nullo

197 1776 315 1815 modo
345 1778 430 1816 tam
461 1777 533 1817 diu
562 1779 702 1817 essent
741 1778 872 1827 fruiti,
912 1777 992 1817 nisi
1019 1778 1060 1816 in
1087 1779 1230 1817 umbra
1259 1777 1376 1830 quasi
1404 1776 1671 1829 praestantis-

199 1845 386 1884 simorum
424 1846 644 1885 carminum
687 1846 886 1886 oblivione
927 1846 1059 1885 obruti
1099 1846 1169 1885 diu
1207 1858 1280 1898 pro
1322 1847 1474 1898 exigua
1512 1845 1673 1884 illorum

198 1914 421 1967 appendice
452 1917 591 1954 essent
623 1915 760 1955 habiti.
818 1914 982 1955 Etenim
1011 1915 1151 1968 hymni
1172 1928 1413 1968 quamquam
1433 1915 1474 1954 in
1494 1914 1670 1954 editione

197 1980 364 2022 Homeri
393 1983 596 2036 principe,
639 1996 741 2036 quae
770 1996 866 2023 cura
896 1983 1093 2023 Demetrii
1124 1983 1424 2036 Chalcondylae
1454 1980 1506 2037 (a.
1541 1980 1670 2036 1488)

196 2051 367 2102 prodiit,
415 2051 582 2091 Homeri
608 2052 742 2092 textui
777 2052 856 2092 iam
887 2052 1090 2092 subiuncti
1125 2053 1236 2102 sunt,
1274 2056 1411 2092 tamen
1439 2065 1513 2104 per
1543 2064 1670 2090 annos

119 2146 122 2149 -
196 2119 282 2158 fere
332 2121 494 2159 centum
545 2122 586 2160 et
629 2120 776 2172 viginti
825 2121 982 2160 nullum
1030 2121 1274 2160 invenerunt
1329 2121 1544 2170 editorem,
1602 2121 1670 2173 qui

150 2242 154 2246 ῃ
197 2199 321 2227 manu
351 2188 621 2228 emendatrice
651 2189 831 2229 adhibita
862 2189 1011 2229 multas
1038 2201 1177 2229 eorum
1207 2189 1322 2229 labes
1361 2189 1582 2241 corrigeret
1615 2211 1668 2216 —-

196 2268 291 2309 nam
330 2256 530 2297 editiones
569 2255 743 2297 Aldinae
789 2256 1029 2315 Gifanianae
1056 2257 1315 2298 Basileenses
1356 2258 1669 2298 Francofurten-

196 2337 264 2365 ses
301 2337 377 2365 nec
428 2337 508 2365 non
546 2325 712 2366 Henrici
750 2325 947 2380 Stephani
983 2323 1036 2382 (a.
1069 2328 1179 2367 1566
1211 2329 1252 2367 et
1284 2325 1414 2382 1588)
1440 2328 1536 2366 sunt
1576 2339 1667 2380 pro-

196 2397 372 2446 pagatae
404 2408 457 2435 ex
487 2395 711 2449 exemplari
732 2395 1054 2450 Chalcondylae,
1086 2410 1204 2450 quem
1233 2409 1312 2436 uno
1341 2396 1479 2436 codice
1500 2396 1667 2436 Floren-

193 2462 279 2501 tino
319 2476 437 2503 usum
478 2477 571 2504 esse
609 2465 780 2504 constat.
860 2464 1021 2517 Viginti
1055 2465 1140 2505 fere
1180 2465 1296 2505 annis
1336 2468 1431 2517 post
1471 2463 1667 2518 Stephani

194 2531 411 2580 editionem
449 2534 618 2574 alteram
652 2533 888 2573 Bernardus
927 2533 1131 2574 Martinus
1171 2532 1225 2587 (a.
1279 2531 1409 2588 1605)
1454 2535 1667 2573 nonnullos

194 2599 302 2640 locos
353 2603 565 2654 corruptos
612 2602 865 2652 emendavit,
914 2615 1033 2655 quem
1082 2603 1238 2655 spatio.
1255 2602 1407 2642 saeculi
1458 2603 1666 2642 interiecto

193 2672 442 2721 exceperunt
479 2669 615 2710 ⁴Iosua
663 2663 884 2710 Barnesius
935 2673 976 2709 et
1015 2670 1217 2710 Iohannes
1275 2670 1504 2710 Piersonus.
1564 2670 1668 2710 Tum

194 2737 359 2779 tandem
387 2738 546 2780 exstitit
573 2739 649 2790 vir,
680 2738 813 2781 David
839 2738 1120 2791 Ruhnkenius,
1151 2740 1219 2794 qui
1249 2739 1423 2793 epistola
1450 2740 1589 2782 critica
1615 2740 1665 2781 ad

192 2806 510 2849 Valckenarium
540 2810 636 2866 data
667 2811 718 2862 (a.
743 2811 870 2861 1749>
897 2812 938 2849 et
968 2810 1125 2850 collatis
1147 2810 1314 2852 duobus.
1327 2811 1533 2852 codicibus
1554 2811 1661 2850 Pari-

250 2886 407 2922 Thiele‚
434 2888 663 2923 prolegomena.
1408 2885 1429 2921 1
