1981 3160
916 527 1146 606 eaput
1192 528 1235 591 I.

390 748 451 792 Be
484 748 673 794 virorum
704 749 923 796 doctorum
949 752 1174 798 sententiis
1205 753 1257 797 de
1284 754 1440 810 hymno
1470 753 1516 797 in
1547 754 1749 798 Venerem

957 819 1182 867 homerico

445 910 604 951 Primus
644 912 713 966 qui
747 914 797 952 de
834 913 983 967 hymno
1024 914 1066 954 in
1091 914 1294 955 Venerem
1331 915 1531 955 homerico
1560 914 1804 954 sententiam

329 978 445 1027 tulit,
486 980 563 1019 fuit
600 978 976 1023 Groddeckius
1029 984 1071 1023 in
1099 985 1439 1024 commentatione
1472 984 1521 1023 de
1559 983 1803 1036 hymnorum

327 1046 620 1088 homericorum
660 1061 785 1102 supra
822 1050 1000 1090 laudata.
1059 1051 1137 1091 Ille
1174 1052 1282 1092 enim
1310 1054 1441 1105 putat,
1465 1052 1637 1104 hymnos
1667 1051 1802 1090 home-

327 1115 446 1165 ricos,
477 1117 557 1156 etsi
589 1118 640 1157 ab
667 1118 845 1159 Homero
877 1121 1050 1160 confecti
1079 1133 1161 1160 non
1191 1121 1295 1170 sint,
1321 1124 1458 1161 tamen
1485 1121 1661 1160 carmina
1689 1120 1804 1172 epica

326 1186 509 1237 tempore
541 1197 639 1225 sane
667 1187 832 1241 antiquo
861 1189 1085 1242 composita
1113 1202 1219 1240 esse,
1249 1190 1395 1244 quibus
1425 1190 1537 1230 initio
1559 1190 1601 1229 et
1620 1190 1805 1228 extrema

325 1255 443 1306 parte
469 1254 679 1295 clausulae
709 1257 909 1310 quaedam
935 1258 1097 1298 affictae
1119 1260 1216 1299 sunt
1235 1259 1277 1301 in
1297 1260 1490 1299 honorem
1509 1259 1597 1299 eius
1615 1258 1803 1306 numinis,

325 1323 442 1363 cuius
473 1324 629 1365 facinus
658 1325 824 1380 aliquod
853 1327 895 1367 in
922 1328 1072 1381 hymno
1098 1329 1188 1381 ipso
1208 1331 1410 1369 narratur.
1449 1328 1690 1369 Huiusmodi
1709 1341 1802 1368 esse

325 1395 501 1447 quatuor
520 1395 694 1448 hymnos
715 1396 902 1447 maiores,
922 1397 1098 1438 minores
1119 1399 1256 1438 autem
1276 1410 1369 1438 esse
1383 1398 1583 1438 frustulas
1596 1398 1802 1446 maiorum,

325 1474 430 1515 quae
469 1463 676 1515 perierint.
735 1464 829 1504 Non
869 1467 1277 1517 praetermittendum
1310 1480 1424 1515 esse,
1470 1468 1618 1520 hymno
1659 1467 1803 1520 quovis

323 1543 449 1570 unum
472 1532 633 1572 tantum
662 1533 839 1573 numinis
869 1534 1022 1574 factum
1050 1535 1119 1574 vel
1145 1547 1267 1575 unam
1292 1535 1472 1575 fabulam
1500 1535 1553 1575 ad
1572 1535 1693 1575 deum
1711 1548 1802 1588 per-

327 1599 523 1639 tinentem
564 1602 741 1650 narrari,
790 1602 921 1642 veluti
958 1603 1108 1656 hymno
1141 1604 1183 1642 in
1211 1603 1417 1643 Venerem
1452 1604 1672 1656 composito
1703 1603 1803 1643 deae

326 1668 448 1708 huius
488 1671 530 1709 et
569 1668 777 1710 Anchisae
815 1683 973 1711 amores
1004 1670 1249 1723 (Groddeck.
1270 1673 1296 1712 1.
1319 1673 1345 1712 1.
1365 1686 1434 1725 pg.
1458 1674 1541 1724 20),
1582 1673 1732 1725 hymno
1761 1673 1804 1712 in

251 1729 266 1736 ’
326 1736 575 1777 Mercurium
612 1738 678 1777 dei
720 1739 883 1779 natales
921 1741 970 1779 ob
1010 1741 1128 1794 lyrae
1168 1741 1444 1780 inventionem
1473 1742 1516 1780 et
1544 1741 1666 1780 boum
1694 1741 1805 1781 furta

325 1805 509 1846 celebres
548 1809 815 1859 exponantur.
872 1808 1081 1862 Hymnum
1120 1815 1256 1849 autem
1282 1810 1324 1849 in
1352 1809 1556 1849 Venerem
1581 1809 1802 1862 pulcherri-

325 1888 436 1914 mum
465 1888 559 1915 esse
588 1877 638 1931 et·
659 1876 887 1931 profectum
916 1890 971 1917 ex
996 1877 1113 1918 Iliad.
1144 1878 1280 1932 rhaps.
1310 1891 1342 1927 ε,
1372 1891 1440 1917 vv.
1471 1880 1566 1927 247,
1590 1880 1684 1918 248.
1707 1881 1802 1918 313.

326 1943 385 1984 At
412 1945 455 1984 in
475 1945 666 1995 Homero,
688 1944 972 1987 Groddeckius
1002 1947 1134 2001 inquit
1155 1948 1196 1999 (l.
1216 1947 1242 1986 l.
1262 1960 1331 2000 pg.
1354 1948 1438 1996 20),
1465 1949 1512 1987 ut
1538 1947 1803 1999 plurimarum

325 2013 556 2054 fabularum
585 2015 643 2054 ita
673 2014 793 2055 huius
826 2017 983 2055 tantum
1011 2016 1142 2068 prima
1171 2016 1329 2056 semina
1360 2027 1505 2068 sparsa
1530 2015 1667 2064 vides,
1698 2027 1803 2068 quae

323 2095 348 2121 a.
368 2083 624 2136 sequioribus
645 2085 807 2124 demum
827 2085 972 2137 poetis,
995 2085 1064 2139 qui
1083 2098 1151 2125 res
1172 2084 1506 2134 antehomericas,
1527 2096 1630 2138 quas
1651 2084 1801 2134 dicunt,

323 2153 624 2202 tractaverunt,
660 2155 836 2206 excepta
864 2156 987 2208 atque
1017 2155 1118 2194 adeo
1146 2154 1313 2194 exculta
1344 2155 1461 2203 sunt,
1502 2155 1549 2193 ut
1576 2165 1684 2199 nova
1708 2153 1803 2193 inde

324 2222 504 2261 carmina
532 2222 753 2274 prodirent.
812 2222 863 2262 Id
892 2226 1033 2276 patere
1065 2236 1118 2263 ex
1150 2223 1305 2263 scholio·
1333 2223 1386 2262 ad
1405 2222 1520 2262 Iliad.
1542 2236 1581 2272 v,
1607 2216 1702 2272 307,
1732 2223 1802 2262 ubi

323 2290 532 2330 oraculum
577 2291 678 2331 hoce
725 2293 932 2341 exstaret,
976 2291 1152 2338 Priami.
1176 2292 1304 2345 stirpe
1351 2292 1557 2331 exstincta
1595 2291 1802 2332 Anchisae

323 2360 501 2411 posteris
530 2359 743 2412 imperium
773 2373 867 2400 esse
897 2361 1158 2401 destinatum.
1218 2361 1341 2408 Quod
1370 2362 1417 2400 ut
1446 2359 1573 2410 fieret,
1598 2360 1802 2401 Venerem

321 2428 460 2468 Paridi
487 2442 664 2470 amorem
692 2429 877 2470 Helenae
900 2430 1125 2471 instillasse
1146 2432 1189 2471 et
1214 2430 1272 2470 sic
1293 2431 1423 2470 totum
1442 2429 1594 2470 bellum
1613 2429 1802 2470 Troicum

322 2498 601 2538 commovisse.
646 2497 917 2540 Scholiastam
947 2502 1084 2540 autem
1113 2499 1308 2553 profiteri,
1338 2499 1443 2539 hanc
1457 2499 1802 2540 narratiunculam

323 2581 368 2606 se
398 2567 475 2606 sibi
507 2568 733 2620 sumpsisse
766 2582 819 2608 ex
847 2568 1054 2609 Aeusilao.
1099 2569 1220 2609 Hunc
1249 2572 1347 2608 vero
1379 2569 1684 2622 antiquissimos
1712 2582 1799 2622 my-

319 2636 414 2676 thos
463 2650 486 2676 e
532 2636 777 2690 cyclicorum
816 2641 1032 2690 poetarum
1072 2637 1316 2678 carminibus
1355 2636 1530 2690 primum
1571 2637 1800 2689 collegisse.

319 2699 377 2744 A't
421 2719 475 2745 ex
514 2706 714 2746 Herodoti
756 2707 796 2746 li.
825 2706 881 2746 Π.
913 2720 1002 2760 epp.
1036 2709 1117 2748 116
1159 2710 1201 2747 et
1240 2709 1320 2746 117
1354 2706 1533 2756 elucere,
1574 2706 1617 2745 in
1647 2704 1801 2745 Stasini

321 2770 540 2828 Κυπρίοις
590 2770 741 2816 ἔπεσιν
791 2776 1022 2816 huiusmodi
1070 2776 1230 2816 fabulas
1272 2775 1613 2824 antehomerieas,
1661 2776 1709 2814 ut
1743 2774 1801 2813 ita

319 2843 467 2894 dicam,
507 2857 600 2884 esse
638 2846 852 2885 tractatas.
911 2845 1052 2892 Quare
1081 2845 1285 2892 concludit
1312 2843 1596 2887 Groddeckius
1609 2874 1619 2894 ‚
1653 2841 1798 2884 Acusi-
