1981 3160
881 643 1113 721 caput
1161 643 1239 707 II.

323 870 598 924 Quaestiones
635 870 838 915 metricae
864 873 908 915 et
934 869 1232 926 grammaticae
1263 869 1315 914 de
1344 870 1499 927 hymno
1524 870 1570 915 in
1600 871 1802 917 Venerem

949 937 1181 983 Homerico.

441 1032 619 1073 Poeseos
647 1030 897 1074 Graecorum
942 1033 1080 1086 epicae
1125 1033 1336 1074 historiam
1374 1034 1410 1074 si
1451 1035 1541 1088 quis
1572 1036 1801 1076 accuratius

322 1101 593 1155 perspexerit,
623 1101 732 1141 facili
763 1114 885 1155 opere
915 1101 1107 1151 inveniet,
1139 1101 1433 1155 antiquissimis
1450 1103 1702 1157 temporibus
1721 1104 1800 1144 duo

324 1171 487 1218 illorum
526 1170 749 1210 carminum
788 1183 941 1222 genera
983 1171 1124 1220 fuisse,
1153 1170 1337 1219 alterum,
1368 1171 1476 1224 quod
1504 1172 1684 1211 continet
1714 1184 1801 1211 car-

322 1239 433 1279 mina
461 1238 601 1292 opica,
641 1250 746 1292 quae
787 1252 841 1278 ex
870 1238 1015 1278 Ionum
1044 1238 1209 1290 ingenio
1239 1251 1287 1278 ac
1312 1238 1488 1289 dictione
1518 1240 1680 1280 condita
1707 1253 1801 1281 esse
1858 1290 1868 1292 -

323 1307 580 1357 videbantur,
611 1320 743 1360 genus
764 1307 1035 1358 Homericum,
1067 1308 1103 1348 si
1120 1308 1180 1348 ita
1192 1307 1328 1348 dicere
1349 1307 1457 1358 licet,
1488 1309 1674 1359 alterum,
1695 1309 1802 1363 quod

324 1378 506 1417 continet
555 1377 734 1417 carmina
790 1377 907 1429 epica
943 1380 986 1417 et
1023 1376 1291 1429 genealogica
1329 1379 1372 1417 et
1413 1377 1630 1428 didactica,
1675 1391 1807 1431 genus

324 1446 586 1487 Hesiodeum,
643 1445 816 1494 Prioris,
864 1446 1028 1499 generis
1058 1445 1283 1495 Homerici,
1321 1446 1480 1487 fructus
1512 1447 1805 1500 quodammodo

324 1515 436 1555 floris
470 1514 664 1566 longaevi
679 1513 695 1538 ¹
735 1514 867 1554 ultimi
906 1514 1272 1568 perfectissimique
1300 1517 1396 1554 sunt
1424 1515 1503 1554 duo
1533 1515 1605 1555 illa
1631 1516 1809 1556 carmina

325 1584 491 1638 inclyta,
529 1583 629 1624 Ilias
669 1586 712 1623 et
752 1582 956 1637 Odyssea.
1014 1583 1164 1624 Priscis
1207 1583 1370 1637 quidem
1399 1585 1649 1637 temporibus
1679 1585 1808 1625 multa

326 1653 507 1694 carmina
538 1654 613 1693 sub
642 1652 809 1693 Homeri
839 1654 1000 1693 nomine
1031 1653 1185 1705 insigni
1212 1653 1549 1703 venditabantur,
1594 1665 1699 1707 quae
1725 1653 1807 1694 iam

324 1722 542 1762 Pisistrato
585 1724 749 1762 auctore
788 1723 838 1762 ab
869 1722 1128 1763 Onomacrito
1168 1722 1336 1776 eiusque
1381 1722 1501 1762 sociis
1545 1735 1620 1762 nec
1650 1735 1731 1763 non
1756 1724 1806 1763 ab

326 1791 417 1831 aliis
456 1791 557 1831 viris
592 1790 744 1831 Atticis
778 1791 908 1831 doctis
923 1822 932 1840 ,
969 1793 1114 1844 postea
1140 1803 1237 1831 vero
1270 1791 1320 1831 ab
1348 1789 1640 1831 Alexandrinis
1672 1803 1806 1844 gram-

324 1860 484 1901 maticis
521 1873 544 1899 e
585 1860 790 1900 consortio
831 1873 922 1900 cum
948 1859 1115 1900 Homeri
1154 1860 1410 1909 carminibus,
1449 1873 1528 1914 quo
1568 1873 1649 1900 non
1678 1861 1805 1914 digna

325 1942 420 1971 esse
449 1929 713 1977 videbantur,
755 1931 851 1969 sunt
880 1930 1002 1969 mota.
1061 1928 1251 1969 Alterum
1281 1942 1413 1981 genus
1442 1929 1519 1969 fuit
1547 1928 1807 1979 Hesiodeum,

324 2010 470 2051 nempe
525 1998 704 2038 carmina
761 1997 878 2051 epica
932 1999 1148 2050 poetarum
1203 1998 1468 2051 plurimorum
1523 1999 1597 2038 sub
1637 1997 1807 2039 Hesiodi

325 2068 486 2108 nomine
513 2067 761 2116 circumlata,
793 2078 898 2120 quae
919 2067 1104 2107 confecta
1134 2069 1232 2107 sunt
1261 2079 1309 2106 eo
1330 2065 1546 2120 tempore⁹‚
1577 2080 1655 2121 quo
1676 2065 1804 2108 Grae-

325 2149 464 2178 corum
503 2136 607 2177 ratio
651 2136 859 2189 cogitandi
901 2136 1113 2176 immutata
1142 2149 1222 2176 non
1252 2138 1337 2176 tam
1367 2136 1418 2176 ad
1445 2137 1608 2177 veteres
1636 2136 1729 2176 illas
1756 2136 1807 2193 de

326 2207 497 2246 heroum
537 2206 660 2245 rebus
697 2205 829 2258 gestis
864 2205 1024 2245 fabulas
1052 2205 1131 2245 fuit
1161 2205 1320 2245 adiecta
1351 2217 1471 2259 quam
1502 2206 1552 2245 ad
1583 2205 1806 2246 doctrinam

326 2276 377 2316 de
426 2274 658 2315 numinibus
707 2275 815 2314 inter
865 2275 963 2314 deos
1001 2275 1265 2328 hominesque
1300 2274 1646 2314 intercedentibus
1685 2276 1807 2328 atque

326 2345 379 2385 ad
416 2344 628 2385 scientiam
666 2344 834 2384 deorum
873 2343 1158 2397 hominumque
1195 2345 1366 2384 naturae
1395 2356 1470 2384 nec
1499 2356 1581 2383 non
1607 2343 1658 2384 ad
1686 2343 1806 2384 disci-

324 2414 459 2467 plinas
476 2413 686 2466 mysticas,
707 2415 754 2452 ut
775 2413 834 2452 ita
853 2413 996 2460 dicam,
1015 2425 1040 2452 a
1055 2412 1314 2452 Doriensium
1328 2412 1587 2465 pontificibus
1608 2412 1806 2453 excultas.

324 2481 439 2522 inter
466 2484 687 2535 utrumque
714 2494 888 2535 poeseos
921 2482 1061 2535 epicae
1087 2494 1220 2535 genus
1251 2481 1428 2522 medium
1448 2481 1647 2535 quendam
1675 2482 1806 2523 teneri

263 2546 272 2554 “
324 2552 459 2591 locum
498 2551 548 2590 ab
589 2551 751 2602 hymnis
795 2550 1009 2590 homericis
1053 2563 1297 2603 persuasum
1312 2549 1328 2574 ³
1357 2550 1508 2600 habeo,
1547 2550 1736 2604 quoniam
1764 2553 1807 2591 et

325 2633 461 2661 rerum
511 2621 554 2660 et
592 2620 806 2661 verboram
845 2633 936 2661 cum
974 2622 1147 2675 utroque
1178 2633 1329 2673 genere
1357 2622 1486 2672 agunt
1515 2621 1806 2661 commercium.

423 2744 457 2787 1)
482 2740 692 2787 Bernhardy
719 2742 784 2780 1.1.
809 2742 863 2786 1⁸,
888 2753 949 2788 pg.
968 2743 1054 2784 2983
1078 2717 1143 2785 11⁸,
1172 2745 1189 2779 1
1216 2753 1276 2788 pg.
1296 2742 1339 2779 87
1365 2752 1442 2788 sqq.
1469 2741 1528 2778 au
1557 2741 1597 2776 11.

419 2799 456 2844 2)
480 2798 689 2843 Bernhardy
715 2800 739 2834 l.
755 2799 779 2834 1.
803 2800 850 2842 1⁸,
875 2811 935 2845 pg.
952 2800 1040 2842 3355
1060 2799 1126 2842 11³,
1152 2800 1172 2835 1
1200 2811 1261 2845 pg.
1279 2801 1348 2836 265
1373 2810 1450 2845 sqq.
1478 2798 1539 2834 all.
1565 2798 1604 2833 11.

420 2856 457 2902 3)
481 2855 693 2902 Bernhardy
716 2856 790 2894 1.1.
814 2856 880 2900 ΠΒ,
906 2857 926 2893 1
951 2868 1012 2904 pg.
1027 2857 1098 2894 222
1123 2867 1200 2903 sqq.
1449 2862 1452 2865 '
