1981 3160
828 176 1115 213 ...11-

234 297 374 351 populi
413 298 818 348 circumferebantur,
858 310 951 338 esse
987 296 1263 351 compositum.
1322 296 1406 343 Qui
1434 297 1555 350 plura
1582 297 1702 348 dicat,

234 379 327 407 eum
366 367 418 407 de
453 368 564 407 recto
606 367 764 408 sobriae
800 366 1130 419 investigationis
1169 365 1331 406 tramite
1361 366 1565 407 declinare
1595 365 1701 406 Bau-

232 436 448 477 meisterus
488 437 619 489 putat.
687 435 850 478 Utinam
884 448 930 476 re
958 434 1186 476 accuratius
1215 446 1418 487 perpensa
1447 436 1490 475 et
1516 435 1704 487 exposita

231 505 412 559 paullulo
452 505 716 555 declinasset,
756 505 937 557 profecto
974 505 1062 544 iure
1100 517 1173 544 suo
1211 516 1265 543 ex
1304 505 1426 543 rebus
1466 504 1702 556 praemissis

231 574 361 615 multa
389 575 499 614 recte
529 574 815 614 conclusisset!
860 572 918 614 At
943 573 1014 613 ille
1043 572 1180 613 missis
1211 571 1429 626 figmentis,
1459 585 1563 627 quae
1590 573 1700 623 dicit,

232 643 436 697 acquievit
465 642 507 683 in
535 643 796 695 castigandis·
810 642 1033 682 Hermanni
1061 642 1188 682 obelis
1218 644 1261 682 et
1288 642 1331 681 in
1349 642 1593 682 removendo
1612 642 1700 682 loco

230 712 301 752 illo
333 713 522 765 suspecto
550 712 601 751 de
625 713 772 752 natura
801 724 848 752 ac
877 712 964 752 vita
992 711 1261 765 nympharum
1291 711 1552 751 silvestrium.

345 780 423 820 His
452 780 579 832 igitur
606 780 786 820 virorum
813 780 1024 820 doctorum
1044 780 1095 820 de
1111 780 1261 833 hymno
1282 779 1325 819 in
1342 778 1545 819 Venerem
1560 781 1700 819 nostro

231 849 485 902 opinionibus
532 849 658 889 variis
708 861 755 889 ac
792 849 1082 889 diversissimis
1123 848 1326 901 copiosius
1367 848 1566 888 enarratis
1603 848 1702 888 mihi

229 921 295 959 est
323 917 574 972 propositum
601 918 857 972 gravissimis
882 930 1003 976 quam
1030 919 1173 971 potero
1202 917 1454 971 argumentis
1484 930 1701 971 exponere,

229 989 326 1043 quid
354 989 445 1040 ipse
472 984 656 1028 sentiam.
718 988 839 1035 Quod
863 991 915 1040 ,ut
943 987 1152 1040 perficiam
1179 987 1336 1027 duabus
1356 988 1479 1027 rebus
1501 999 1603 1039 opus
1624 989 1700 1035 est,

228 1057 403 1111 primum
430 1058 478 1097 ut
506 1057 557 1096 de
587 1057 728 1110 hymni
756 1069 801 1096 re
821 1057 988 1097 metrica
1007 1058 1049 1096 et
1067 1056 1260 1106 oratione,
1291 1056 1433 1109 quales
1454 1056 1548 1105 sint,
1577 1067 1699 1109 quae-

167 1127 169 1129 ’
231 1126 383 1166 stiones
413 1125 645 1175 instituam,
687 1126 834 1165 deinde
863 1128 911 1165 ut
936 1126 1221 1177 argumentum
1248 1124 1389 1177 hymni
1417 1124 1574 1164 curiose
1604 1137 1700 1164 exa-

229 1194 387 1234 minem.
432 1193 535 1233 Tum
567 1194 600 1234 si
630 1194 905 1247 explanavero
936 1194 1137 1247 quatenus
1157 1192 1259 1233 illud
1279 1193 1331 1232 ad.
1352 1192 1433 1232 alia
1451 1190 1701 1233 Graecorum

230 1263 408 1303 carmina
448 1263 563 1315 epica
605 1265 647 1303 et
689 1264 821 1303 totum
856 1265 899 1303 et
931 1263 1105 1314 singulis
1134 1262 1189 1301 in‘
1206 1263 1328 1302 rebus
1357 1262 1525 1302 accedat
1552 1263 1620 1302 vel
1649 1263 1698 1302 ab

228 1332 279 1372 iis
315 1332 500 1381 recedat,
554 1344 672 1385 spero
712 1332 798 1372 fore
835 1334 882 1372 ut
917 1331 1113 1372 nonnulla
1151 1333 1194 1371 et
1226 1331 1450 1383 probabilia
1478 1331 1530 1371 de
1560 1331 1700 1385 hymni

230 1402 363 1442 nostri
392 1402 527 1455 patria
557 1414 604 1441 ac
629 1403 752 1454 poeta
780 1403 962 1455 proferre
991 1400 1156 1454 possim.
