1981 3160
247 534 332 588 stro
366 528 455 580 iure
494 540 610 588 nobis
650 550 866 578 sumamus
923 539 1065 579 Missis
1102 540 1229 592 igitur
1266 539 1570 594 quaestionibus
1600 539 1652 579 de

184 609 273 662 ἀξίῃ
291 607 580 666 Samothracae
601 607 895 649 solemnissime
924 608 1044 649 cultis
1071 608 1113 648 id
1142 621 1269 649 unum
1297 622 1390 649 cum
1408 607 1653 649 Klausenio¹

190 664 450 734 etKEngeli&
477 689 550 729 pro
582 678 692 716 certo
714 676 1019 726 affirmaverim,
1052 671 1162 717 inter
1181 679 1316 717 cetera
1347 676 1655 717 Samothracum

192 736 356 804 numina
417 759 612 792 summam
659 747 820 787 illorum
869 748 986 788 deam
1034 761 1126 787 cum
1168 749 1297 787 matre
1345 747 1470 787 Idaea
1529 747 1654 800 (apud

194 802 392 862 {llroianos
436 815 568 865 culta)
606 815 674 854 vel
717 827 807 855 cum
845 815 1099 869 Dindymene
1136 816 1264 855 matre
1305 815 1429 868 (apud
1466 814 1653 869 Phryges

193 872 319 936 culta)
355 897 451 930 esse
492 884 719 934 confusam,
758 884 907 937 quippe
944 898 1068 938 quum
1104 896 1254 936 magna
1292 884 1509 924 similitudo
1548 885 1656 925 inter
1714 900 1718 903 ’

192 953 268 1008 has
320 953 420 994 deas
470 953 721 993 intercedere
760 954 958 994 videatur.
1042 954 1134 1001 Quo
1178 966 1277 994 vero
1329 953 1488 994 nomine
1538 954 1654 994 deam

193 1019 480 1069 Samothracae
509 1035 698 1075 magnam
727 1025 868 1063 notare
897 1023 1023 1074 velis,
1059 1022 1333 1064 Axiokersam
1370 1023 1438 1063 vel
1468 1024 1655 1065 Cererem

194 1085 262 1134 1161
288 1082 454 1148 ’μητέρα
483 1084 648 1146 ὄρείαν3
679 1092 748 1132 vel
777 1092 1001 1132 Venerem⁴
1023 1093 1173 1145 ipsam,
1198 1105 1280 1132 non
1308 1093 1447 1144 magni
1477 1097 1542 1133 est
1571 1105 1655 1132 mo-

129 1162 337 1232 ,ssmentss
368 1161 554 1215 quoniam
581 1174 633 1201 ex
660 1170 750 1201 mea
780 1161 941 1215 quidem
971 1162 1157 1215 opinione
1194 1162 1245 1201 de
1276 1161 1555 1201 coniunctione
1585 1160 1654 1201 vel

127 1237 136 1241 ”
177 1229 332 1283 'potius
362 1231 590 1270 secessione
619 1231 762 1270 harum
801 1231 967 1270 dearum
1002 1231 1174 1283 perditis
1202 1232 1389 1270 veterum
1414 1230 1657 1270 testimoniis

197 1293 320 1340 certis
350 1299 562 1351 explorate
591 1299 761 1338 iudicari
791 1300 941 1352 nequit.
983 1298 1064 1339 Sed
1094 1312 1214 1352 quam
1239 1300 1341 1339 bene
1370 1302 1533 1339 veteres
1559 1312 1656 1352 quo—

183 1358 271 1422 que
316 1368 535 1420 scriptores
575 1365 878 1408 Samothracam
924 1370 966 1408 et
1001 1367 1143 1408 Asiam
1189 1368 1382 1408 minorem
1422 1368 1657 1408 coniunctas

127 1492 130 1496 .
196 1438 325 1478 fuisse
356 1437 658 1490 perspexerint,
686 1437 805 1478 testis
835 1442 899 1478 est
929 1436 1160 1491 Stephanus
1189 1437 1432 1492 Byzantius,
1473 1437 1542 1491 qui
1581 1437 1656 1478 sub

131 1507 139 1553 f
166 1506 293 1563 v*Voce
309 1500 489 1562 Ἀρίσβῃ
513 1506 614 1546 haec
646 1507 792 1547 tradit:
826 1501 1042 1562 Κεφάλων
1071 1501 1118 1547 δέ
1149 1518 1295 1562 φησιν,
1337 1502 1404 1548 ὅτι
1432 1499 1671 1561 Δάρδανος

129 1620 148 1636 ,Δ
185 1567 282 1620 ,ἀπὸ
318 1569 607 1631 Σαμοθρᾴκης
642 1571 784 1616 ἐλθὼν
821 1571 885 1624 εἷς
924 1573 999 1630 τὴν
1031 1572 1214 1630 Τρωάδα
1252 1572 1326 1630 τὴν
1362 1569 1547 1629 Τεύκρου
1579 1575 1658 1615 τοῦ

131 1645 149 1702 ¹⁹
191 1641 366 1700 Κρητὸς
395 1640 612 1698 θυγατέρα
641 1644 768 1697 γαμεῖ
783 1638 994 1700 Ἀρίσβην.
1054 1644 1110 1684 Et
1129 1642 1388 1693 Pausanias⁵‚
1419 1642 1656 1693 Diodorus⁶,

129 1717 132 1720 '
193 1712 436 1767 Lycophron
453 1712 468 1736 '¹
526 1712 716 1762 tradunt,
772 1711 1076 1753 Samothracam
1113 1713 1286 1765 pristino
1339 1717 1518 1765 tempore
1555 1712 1657 1753 Dar·

133 1784 141 1824 ’,
163 1782 355 1828 'daniam
381 1795 473 1822 esse
499 1782 651 1822 dietam
677 1783 719 1822 et
745 1781 1000 1833 Dardanum,
1031 1782 1221 1823 Electrae
1251 1781 1397 1832 filium,
1427 1794 1451 1822 e
1471 1781 1653 1836 Phrygia

132 1851 239 1891 *in
288 1852 464 1891 insulam
498 1850 801 1891 Samothracam
844 1851 1045 1904 migrasse
1085 1852 1218 1905 ibique
1251 1864 1477 1902 regnasse,
1514 1853 1659 1903 postea

195 1917 357 1962 veroin
380 1919 579 1961 Troadem
597 1920 796 1972 migrasse
816 1920 974 1974 ibique⁸
1003 1933 1175 1972 regnum
1202 1920 1372 1960 troicum
1396 1918 1659 1960 condidisse⁹.
1903 1904 1981 1977 μὲν,

132 1980 312 2045 ‘'JJQuae
342 1989 670 2029 narratiunculae
707 1989 807 2028 nihil
845 1989 957 2029 aliud
987 1988 1219 2041 significant
1248 1989 1328 2028 nisi
1355 1987 1659 2029 Samothracam
1935 1973 1981 2041 ’ἲ

140 2050 144 2056 ’
172 2062 285 2099 lcum
312 2056 415 2109 Asia
443 2058 616 2108 minore,
656 2051 912 2110 potissimum
948 2071 1039 2098 cum
1069 2057 1226 2097 Troade
1259 2057 1494 2097 commercio
1530 2058 1660 2098 fuisse

132 2118 167 2183 ‘fs
190 2126 458 2174 coniunctam.
517 2125 594 2166 His
635 2126 836 2166 concessis
875 2127 992 2167 facile
1030 2126 1190 2166 illorum
1219 2126 1440 2178 religiones
1469 2126 1659 2166 confundi·
1926 2108 1981 2179 JJQ

199 2196 383 2259 potuisse
413 2197 594 2248 apparet.
1956 2183 1981 2255 ξ

193 2271 528 2280 ——--————
1937 2259 1981 2286 25³.

197 2331 202 2335 .
234 2301 244 2319 ‘-
282 2306 364 2351 1)1
391 2306 462 2341 1.1
485 2316 545 2351 pg.
571 2306 628 2341 30
1924 2288 1981 2358 ’,τξέζ

135 2403 147 2413 .
242 2389 244 2395 ,
248 2358 370 2407 2)1.
396 2363 421 2397 1.
445 2374 505 2407 pg
532 2363 598 2398 197
622 2373 699 2407 sqq.
726 2364 763 2397 et
787 2364 855 2399 310
879 2373 957 2407 sqq.
1937 2363 1981 2410 ²315?

282 2418 319 2464 3)
342 2418 493 2456 Lobeck.
517 2418 751 2465 Aglaopham.
775 2430 836 2465 pg.
860 2419 949 2456 1225
972 2430 1050 2465 sqq.
1604 2432 1608 2436 ·
1953 2408 1981 2446 .’.

171 2502 173 2504 -
259 2486 261 2488 ’
282 2475 321 2522 4)
344 2475 485 2522 Plinius
507 2476 625 2512 EN.
652 2477 684 2512 V
709 2477 730 2521 ἓ
756 2478 800 2513 18
825 2497 868 2503 -
893 2476 937 2513 cf.
964 2476 1118 2512 Lobeok.
1142 2475 1318 2522 Aglaoph.
1342 2487 1403 2521 pg.
1428 2477 1530 2514 1227.
1792 2493 1868 2550 ἦ
1907 2486 1981 2526 ,ς

236 2546 241 2550 ·
285 2533 306 2569 5
344 2533 414 2569 VII
445 2535 479 2577 4,
505 2535 538 2570 3.
1885 2574 1887 2577 ,

215 2588 229 2593 “
286 2533 322 2636 6}
348 2591 391 2634 v,
414 2560 474 2629 318ss
493 2593 550 2629 51.
780 2571 795 2594 '
1901 2550 1981 2680 ’Ξ

288 2648 376 2693 7)‘v.
402 2649 456 2684 13.
1879 2652 1981 2711 a:

127 2687 143 2694 Μ
199 2703 202 2708 ’
254 2694 268 2715 ”
289 2706 326 2752 8)
349 2705 498 2758 110116611.
514 2706 688 2753 Aglaoph.
709 2707 864 2753 saepius,
891 2717 943 2762 ex.
966 2717 1020 2751 gr.
1047 2716 1106 2751 pg.
1127 2706 1227 2743 1220.
1261 2706 1378 2743 Schol.
1395 2705 1513 2751 Apoll.
1529 2706 1558 2748 I,
1579 2707 1661 2744 913.

292 2763 329 2808 9)
356 2762 546 2813 Schol.-ad
568 2763 672 2801 Iliad.
699 2778 728 2806 υ,
754 2766 824 2800 215
830 2776 841 2805 ;
865 2762 1008 2799 Diodor.
1034 2763 1078 2805 V,
1101 2763 1158 2799 47.
