1981 3160
871 136 1173 176 ‚—4—

301 260 555 314 explicandis
587 259 641 299 sit
671 258 861 299 effectum
890 259 1042 313 quidve
1072 260 1190 300 desit.
1241 260 1300 301 At
1329 274 1453 315 quum
1480 261 1655 314 quatuor
1684 262 1780 300 sunt

297 329 439 384 hymni
465 327 661 369 homerici
687 328 873 380 maiores,
899 328 1023 370 valde
1052 329 1188 381 miror,
1215 331 1325 385 quod
1353 334 1440 372 tres
1460 331 1618 372 tantum
1636 328 1778 383 hymni

298 399 705 440 commentationibus
743 398 849 448 illis,
894 411 996 452 quas
1037 399 1255 452 descripsi,
1291 400 1423 440 adhuc
1447 398 1642 440 illustrati
1668 400 1777 448 sunt,
1808 426 1813 431 -

298 467 547 522 praesertim
577 480 701 522 quum
730 466 800 508 ille
829 467 1019 521 hymnus,
1051 468 1121 522 qui
1149 468 1350 521 respectis
1381 469 1529 510 studiis
1558 469 1600 509 in
1629 467 1776 509 ceteris

296 537 461 591 hymnis
492 537 701 577 collocatis
732 536 948 589 neglectus
968 538 1046 586 est,-
1074 549 1173 578 sane
1193 537 1369 590 optimus
1388 550 1434 578 ae
1455 537 1775 591 perfectissimus

296 619 389 646 esse
410 606 601 646 videatur
620 611 661 645 et
681 605 762 645 iam
781 605 832 645 ab
853 605 1031 659 antiquis
1047 605 1275 645 hominibus
1291 606 1445 659 insigni
1459 599 1774 661 ὁμηρικωτάι·ου

295 675 457 715 nomine
489 674 543 714 sit
570 677 749 724 notatus,
779 674 975 727 hymnum
1004 674 1094 714 dico
1124 674 1165 714 in
1193 674 1409 724 Venerem,
1438 675 1488 715 de
1519 688 1598 729 quo
1625 675 1775 724 nullus,

296 744 432 797 quoad
463 743 568 793 scio,
612 743 809 783 eiusmodi
839 743 1004 783 libellus
1035 745 1186 783 exstat.
1247 743 1409 790 Quibus
1439 744 1561 784 rebus
1591 744 1775 784 omnibus

297 816 523 853 commotus
550 813 763 852 consilium
794 813 883 865 cepi
913 812 1040 851 libelli
1067 812 1316 862 conficiendi,
1347 818 1394 853 ut
1424 813 1466 853 in
1485 813 1663 853 medium
1682 826 1773 866 pro·

296 883 425 922 feram
463 881 685 935 opiniones,
728 893 830 935 quas
872 881 923 920 de
960 881 1110 934 hymno
1150 881 1192 921 in
1222 881 1426 923 Venerem
1465 881 1667 923 homerico
1697 882 1775 922 viri

297 951 406 991 docti
433 951 659 990 ediderunt.
704 949 742 988 A
773 963 851 1003 quo
882 950 1090 1002 proposito
1112 951 1270 990 secerni
1284 963 1363 990 non
1385 953 1534 1003 potest,
1563 953 1609 990 ut
1630 951 1773 990 latiore

297 1019 576 1072 disputatione
606 1018 746 1072 hymni
774 1022 817 1058 et
845 1031 931 1058 rem
951 1019 1160 1059 metricam
1181 1022 1223 1059 et
1244 1020 1467 1059 orationem
1487 1020 1701 1071 exigamus
1723 1020 1773 1059 ad

296 1089 509 1127 obrussam
539 1087 658 1140 quasi
688 1086 911 1126 carminum
939 1087 1285 1137 hommerioorum,
1316 1099 1420 1141 quae
1453 1087 1560 1127 omni
1589 1087 1640 1127 de
1658 1087 1773 1140 poesi

295 1155 544 1198 Graecorum
594 1156 711 1209 epica
757 1169 803 1196 ac
851 1157 1109 1209 potissimum
1161 1157 1211 1196 de
1250 1157 1495 1197 carminibus
1531 1157 1658 1209 epicis
1696 1159 1772 1197 sub

294 1225 461 1266 Homeri
505 1225 666 1266 nomine
711 1225 781 1265 diu
827 1225 1075 1266 circumlatis
1125 1226 1354 1280 quaestioni
1398 1225 1627 1266 firmissimo
1678 1228 1773 1266 sunt

295 1297 579 1346 fundamento,
640 1296 877 1348 explanem,
931 1295 1028 1350 quid
1083 1296 1172 1348 ipse
1227 1296 1277 1336 de
1325 1296 1466 1350 hymni
1518 1298 1772 1349 argumento,

294 1368 428 1416 poeta,
456 1365 589 1417 patria
617 1365 801 1403 sentiam.

410 1433 512 1477 Inde
534 1436 584 1476 ab
606 1448 710 1475 anno
726 1434 940 1475 millesimo
958 1435 1323 1488 septingentesimo
1338 1435 1603 1486 nonagesimo
1619 1435 1771 1487 quinto,

294 1516 372 1559 quo
402 1502 580 1544 Wolfius
601 1503 891 1557 prolegomena
911 1503 963 1543 ad
983 1502 1205 1543 Homerum
1225 1502 1382 1558 inclyta
1402 1502 1542 1555 edidit,
1570 1504 1612 1544 et
1630 1501 1774 1544 Wolfii

293 1579 335 1614 et
363 1578 589 1614 ceterorum
622 1575 804 1613 virorum
829 1574 1041 1613 doctorum
1069 1587 1193 1625 opera
1220 1582 1261 1612 et
1282 1574 1429 1612 studiis
1451 1574 1629 1624 cognitio
1650 1587 1773 1626 quum

270 1655 464 1698 poeseos
490 1641 629 1697 epieae
650 1639 902 1684 Graecorum
932 1645 1018 1684 tum
1044 1642 1268 1687 carminum
1288 1641 1594 1685 Homericorum
1614 1644 1773 1684 tantum

262 1752 273 1766 ,
287 1715 484 1766 provecta
515 1715 638 1766 atque
668 1719 789 1752 aucta
815 1714 892 1762 est,
923 1715 969 1751 ut
996 1712 1126 1752 multa
1156 1715 1198 1752 et
1226 1724 1356 1766 usque
1387 1724 1434 1751 eo
1461 1711 1671 1764 incognita
1692 1711 1773 1751 sint

285 1783 466 1832 inventa,
495 1782 626 1821 multa
656 1795 753 1822 vero
775 1782 929 1830 ,deesse
956 1782 1250 1835 intelligantur.
1295 1782 1435 1828 Quare
1464 1794 1524 1831 ea,
1556 1793 1660 1834 quae
1690 1781 1769 1820 viri

286 1851 396 1892 docti
435 1851 486 1891 de
514 1849 691 1891 Homero
729 1853 853 1904 poeta
882 1854 977 1892 ante
1006 1850 1205 1893 Wolfium
1235 1850 1454 1900 senserint,
1504 1850 1589 1891 fere
1616 1850 1768 1891 nullius

286 1921 539 1968 aestimanda
581 1933 675 1960 esse
716 1922 827 1972 puto.
887 1919 1002 1959 Idem
1030 1923 1096 1959 est
1125 1920 1386 1960 iudicandum
1416 1920 1467 1959 de
1499 1918 1767 1971 opinionibus,

286 2002 390 2044 quae
419 1992 588 2030 exstant
618 1989 668 2029 de
698 1989 861 2043 hymnis
892 1989 1118 2040 homericis,
1150 2002 1396 2043 quamquam
1424 1988 1660 2042 negandum
1687 2001 1768 2028 non

285 2062 361 2107 est,
392 2059 472 2098 iam
502 2060 599 2097 ante
620 2057 829 2107 Wolfium,
861 2058 942 2098 etsi
972 2058 1176 2098 Homerus
1207 2062 1324 2098 vates
1356 2070 1503 2098 caecus
1531 2069 1624 2097 esse
1646 2056 1768 2096 etiam

284 2129 510 2179 putaretur,
531 2127 603 2166 illa
618 2139 790 2180 poeseos
811 2127 952 2180 epicae
969 2125 1221 2168 Graecorum
1236 2127 1413 2168 frustula
1426 2125 1592 2166 Homeri
1608 2126 1768 2166 nomine

285 2196 412 2247 digna
446 2208 528 2235 non
559 2208 653 2235 esse
680 2196 885 2236 nonnullis
916 2196 1133 2248 placuisse.
1194 2196 1312 2242 Quae
1344 2195 1576 2247 opiniones,
1620 2195 1767 2247 quibus

283 2263 458 2317 hymnos
488 2262 666 2303 Homero
700 2263 990 2304 abiudicandos
1020 2277 1112 2305 esse
1140 2264 1354 2313 docemur,
1391 2264 1557 2316 postero
1586 2263 1767 2316 tempore

284 2332 540 2385 argumentis
576 2332 816 2372 certioribus
860 2333 986 2373 etiam
1026 2333 1232 2373 stabilitae
1263 2345 1310 2373 ac
1341 2331 1602 2372 confirmatae
1637 2331 1769 2371 adhuc

284 2404 395 2442 stant
436 2405 479 2442 et
506 2404 723 2454 putantur,
765 2402 823 2442 ita
853 2404 899 2442 ut
934 2415 1043 2455 opus·
1065 2415 1145 2442 non
1175 2402 1347 2442 habeam
1378 2400 1653 2454 disputatione
1685 2412 1767 2440 am-

282 2472 413 2523 pliore
444 2472 639 2524 probare,
677 2472 874 2524 hymnos,
918 2472 987 2525 qui
1017 2472 1145 2524 vulgo
1173 2470 1368 2511 homerici
1397 2470 1677 2520 nominantur,
1717 2469 1766 2509 ab

282 2539 461 2580 Homero
493 2540 701 2580 confectos
730 2553 823 2580 esse
854 2553 936 2580 non
966 2554 1099 2593 posse.
1156 2540 1295 2594 Atque
1322 2539 1482 2579 omnino
1513 2539 1564 2579 de
1591 2539 1768 2579 omnium

284 2609 530 2662 hymnorum
550 2609 847 2649 homericorum
871 2612 984 2649 statu
1004 2610 1124 2662 plura
1144 2608 1267 2649 affere
1289 2607 1550 2661 supersedeo,
1580 2607 1770 2661 quoniam

281 2677 332 2716 de
372 2690 452 2716 uno
492 2677 533 2716 in
564 2676 768 2717 Venerem
806 2677 957 2730 hymno
996 2690 1120 2729 agere
1160 2677 1257 2717 mihi
1301 2676 1555 2729 propositum
1587 2678 1662 2715 est.
1723 2673 1768 2714 Si

282 2745 373 2799 quis
409 2757 509 2785 vero
549 2745 867 2798 disputationem
915 2746 1152 2799 ampliorem
1192 2745 1395 2799 requirat,
1437 2758 1530 2785 eum
1560 2743 1697 2784 reiicio
1728 2743 1770 2783 in

280 2813 531 2855 Groddeckii
552 2814 699 2854 librum
719 2815 770 2855 de
790 2815 1034 2868 hymnorum
1053 2815 1346 2856 homericorum
1367 2814 1549 2867 reliquiis
1566 2810 1767 2865 (Gotting.
