1981 3160
931 155 1220 191 ..16-

340 278 382 317 111
417 277 532 316 Iliad.
573 277 734 329 rhapso.
775 289 795 315 ε
840 280 1049 330 computat
1089 291 1142 316 ex
1180 277 1367 316 versibus
1412 279 1493 319 909
1535 291 1602 318 vv.
1630 280 1734 327 561,
1774 279 1816 318 in

339 346 527 398 rhapsod.
558 343 581 385 λ
612 359 634 385 e
663 359 729 385 vv.
760 347 843 386 848
859 360 926 386 vv.
950 347 1045 396 575,
1076 346 1117 386 in
1133 345 1346 400 Odysseae
1362 347 1713 401 rhapsodoeevv.
1730 350 1815 388 444

337 428 403 454 vv.
437 418 531 465 247,
573 416 642 469 qui
677 416 752 455 hac
791 427 961 455 caesura
998 417 1179 455 utuntur.
1238 415 1288 455 In
1316 416 1465 469 hymno
1495 424 1634 458 nostro
1666 417 1816 456 habent

338 496 390 522 ex
420 498 485 523 vv.
518 488 600 526 293
630 498 697 525 vv.
729 487 809 525 165
834 485 938 525 hanc
961 497 1182 534 caesuram,
1214 485 1264 524 de
1287 497 1366 538 qua
1387 487 1559 538 agimus,
1579 486 1815 527 bucolicam.

338 554 416 594 Est
453 554 581 607 igitur
618 555 659 594 in
689 555 838 607 hymno
868 555 952 594 fere
983 554 1126 593 eadem
1155 554 1257 593 ratio
1288 558 1409 607 atque
1436 555 1477 594 in
1507 557 1621 595 libris
1650 555 1817 594 Homeri

336 623 527 662 laudatis.
596 622 657 662 Ac
703 635 914 663 caesuram
961 623 1185 663 bucolicam
1232 624 1272 662 in
1312 623 1524 664 homericis
1573 624 1816 664 carminibus

336 691 419 731 late
450 693 596 744 vagari
636 692 790 744 primus
822 692 854 732 I.
886 692 1100 732 Bekkerus
1132 692 1311 731 ostendit
1341 693 1382 731 111
1412 693 1514 732 libro
1546 694 1709 746 saepius
1730 693 1816 732 lau-

336 761 444 800 dato.
520 760 657 815 Atque
703 764 796 802 ante
836 775 926 801 eam
966 775 1039 814 pes
1081 764 1251 815 quartus
1291 762 1528 814 saepissime
1567 765 1730 802 constat
1764 776 1817 802 ex

336 831 520 883 dactylo,
555 843 646 870 raro
689 844 741 870 ex
780 832 958 884 spondeo
1000 854 1054 859 ——
1084 831 1141 870 sic
1171 831 1213 870 111
1243 830 1358 870 Iliad.
1390 832 1524 884 rhaps.
1555 844 1575 871 ε
1606 835 1701 871 sunt
1732 825 1816 872 470

338 900 492 952 dactyli
532 902 574 939 et
605 903 656 940 61
690 901 869 952 spondei,
896 901 936 939 in
968 901 1102 952 rhaps.
1132 898 1156 938 λ
1186 903 1269 940 478
1300 901 1453 953 dactyli
1481 902 1523 939 et
1552 904 1603 940 97
1638 901 1817 952 spondei,

336 968 377 1006 in
406 967 620 1020 Odysseae
651 969 786 1020 rhaps.
818 981 845 1006 α
878 971 959 1007 213
990 968 1143 1020 dactyli
1175 971 1217 1007 et
1247 969 1301 1007 54
1325 969 1503 1020 spondei,
1536 971 1657 1021 atque
1676 969 1817 1008 eadem

335 1037 420 1076 fere
459 1037 561 1076 ratio
594 1042 658 1077 est
689 1038 730 1076 in
761 1038 910 1089 hymno
943 1040 1094 1085 nostro,
1128 1038 1166 1076 in
1200 1050 1278 1090 quo
1307 1039 1387 1077 156
1415 1037 1570 1089 dactyli
1600 1040 1641 1076 et
1672 1050 1817 1076 novem

338 1105 506 1157 spondei
535 1108 641 1145 sunt.
682 1105 944 1145 Potissimum
973 1118 1071 1144 vero
1090 1105 1293 1145 Homerus
1325 1106 1401 1145 hac
1431 1118 1600 1146 caesura
1619 1120 1718 1146 usus
1742 1111 1816 1155 est,

335 1177 381 1213 ut
425 1175 674 1214 enarrationi
704 1187 853 1213 novam
881 1175 1085 1227 quandam
1117 1188 1201 1214 rem
1233 1175 1500 1226 subiungeret
1530 1176 1597 1214 vel
1625 1188 1710 1214 rem
1738 1176 1817 1214 iam

336 1243 581 1295 descriptam
617 1243 797 1295 epitheto
839 1246 1067 1282 exornaret.
1135 1243 1238 1282 Inde
1274 1244 1425 1282 factum
1461 1247 1543 1293 est,
1589 1248 1635 1282 ut
1664 1243 1817 1282 multae

336 1312 534 1352 formulae
565 1312 705 1364 epicae
737 1313 788 1352 ad
816 1312 908 1352 finis
933 1326 1080 1352 versus
1102 1313 1267 1364 regulas
1290 1314 1486 1351 formatae
1508 1325 1677 1352 caesura
1698 1314 1816 1352 buco-

334 1380 413 1419 lica
464 1381 643 1420 admissa
685 1380 828 1419 finiant
876 1394 1042 1419 versum
1081 1404 1132 1409 —
1175 1381 1319 1419 harum
1356 1381 1619 1419 formularum
1646 1381 1816 1419 homeri-

337 1460 476 1488 carum
523 1449 711 1501 exempla
752 1449 874 1488 offero
916 1450 1062 1489 haece:
1115 1447 1217 1497 δῖος
1249 1443 1492 1498 Ὀδυσσεὺς,
1529 1446 1711 1502 Νέστορι
1740 1444 1818 1503 ὁίφ

333 1515 507 1556 ἳ’[τ.τοτα
540 1515 730 1571 Νέστωρ,
752 1513 932 1572 μητίετα
949 1515 1068 1568 Ζεὺς,
1097 1513 1220 1570 ἔργον
1234 1513 1388 1570 Ἄρηος
1404 1521 1444 1556 et
1462 1518 1557 1556 sunt
1577 1517 1704 1556 multa
1723 1517 1816 1557 alia.

335 1585 384 1626 In
405 1586 556 1639 hymno
577 1589 715 1627 nostro
738 1586 936 1626 eiusmodi
956 1586 1151 1626 formulas
1173 1588 1340 1626 exstare
1361 1588 1459 1637 puto
1482 1586 1521 1625 in
1545 1589 1596 1626 71
1616 1586 1814 1635 versibus,

337 1656 406 1707 qui
439 1658 565 1694 sunt:
594 1657 630 1694 5.
664 1659 726 1694 11.
758 1658 822 1694 13.
855 1658 919 1694 14.
954 1657 1018 1694 15.
1042 1657 1107 1694 21.
1131 1657 1196 1694 22.
1221 1656 1285 1693 23.
1309 1656 1374 1693 27.
1398 1657 1462 1695 28.
1486 1657 1551 1694 36.
1574 1656 1640 1693 42.
1663 1657 1727 1694 43.
1748 1656 1814 1693 44.

338 1726 406 1765 45.
448 1727 515 1764 46.
551 1725 616 1764 53.
661 1727 727 1764 62.
770 1726 834 1763 64.
879 1726 944 1764 68.
976 1728 1041 1765 72.
1075 1726 1140 1763 76.
1167 1726 1233 1763 79.
1266 1724 1330 1762 85.
1360 1725 1425 1763 89.
1459 1726 1523 1763 90.
1554 1728 1619 1764 91.
1653 1726 1718 1763 97.
1749 1727 1814 1763 99.

337 1796 430 1832 101.
463 1795 556 1832 102.
591 1794 686 1832 105.
717 1795 810 1833 106.
843 1795 935 1832 110.
969 1795 1062 1831 111.
1097 1795 1191 1831 117.
1226 1794 1320 1832 119.
1355 1794 1447 1831 121.
1482 1794 1573 1832 127.
1603 1794 1814 1832 129.130.

337 1865 430 1902 140.
465 1865 559 1902 141.
595 1865 688 1902 143.
724 1863 817 1903 145.
853 1864 944 1902 146.
978 1864 1070 1902 148.
1106 1864 1200 1902 151.
1232 1863 1325 1901 154.
1361 1864 1452 1900 160.
1487 1863 1695 1902 165.167.
1720 1865 1814 1902 170.

338 1935 432 1972 171.
466 1933 560 1972 176.
595 1933 688 1970 181.
721 1933 813 1971 187.
847 1933 940 1970 202.
972 1932 1066 1970 208.
1097 1933 1191 1970 209.
1224 1932 1318 1971 213.
1352 1932 1446 1970 214.
1481 1933 1575 1971 221.
1604 1934 1700 1971 223.
1720 1934 1814 1972 224.

337 2003 432 2041 230.
474 2003 568 2042 250.
613 2003 707 2041 280.
751 2003 847 2040 289.
907 1999 969 2040 Ac
1008 2012 1251 2052 persuasum
1288 2000 1440 2049 habeo,
1468 2001 1552 2039 fore
1584 2004 1627 2040 ut
1660 2001 1694 2040 si
1724 2002 1815 2053 quis

334 2070 565 2109 accuratius
596 2070 700 2110 hanc
731 2081 926 2109 caesurae
954 2069 1161 2109 bucolicae
1193 2069 1276 2108 vim
1303 2069 1343 2108 in
1374 2067 1541 2108 Homeri
1572 2069 1814 2109 carminibus

336 2139 606 2179 exercitatam
636 2138 1003 2186 animadvertisset,
1034 2139 1172 2190 plures
1204 2138 1313 2177 illius
1338 2138 1525 2177 dictionis
1546 2139 1816 2190 proprietates

334 2209 673 2260 explanarentur,
717 2219 888 2260 quarum
939 2220 1019 2245 non
1057 2219 1209 2259 paucas
1250 2207 1290 2245 in
1331 2210 1570 2246 transcursu
1611 2214 1815 2261 tamquam

334 2277 549 2317 Bekkerus
582 2277 623 2327 (l.
649 2277 675 2316 l.
703 2290 771 2329 pg.
799 2276 1060 2326 144—147)
1090 2276 1167 2315 iam
1185 2276 1417 2328 explicavit.
1457 2276 1506 2316 Id
1523 2290 1646 2316 unum
1666 2277 1814 2316 addere

332 2346 474 2395 velim,
511 2346 638 2384 verba
678 2345 865 2396 longiora
901 2345 1041 2384 versui
1088 2345 1326 2397 saepissime
1358 2346 1432 2384 sub
1458 2358 1506 2384 ea
1533 2348 1691 2385 tantum
1722 2358 1813 2385 con-

333 2415 487 2455 ditione
518 2427 639 2467 posse
668 2414 804 2463 inseri,
837 2414 871 2453 si
902 2427 1048 2453 versus
1080 2417 1221 2453 utatur
1242 2426 1413 2453 caesura
1433 2414 1614 2453 bucolica
1634 2438 1688 2443 -
1707 2414 1813 2466 ejus-

333 2484 443 2523 modi
483 2483 669 2535 exempla
711 2485 807 2522 sunt
836 2483 877 2521 in
907 2483 1054 2535 hymno
1087 2490 1225 2522 nostro
1258 2495 1323 2521 vv.
1357 2485 1423 2522 22.
1455 2485 1519 2522 23.
1554 2486 1618 2523 27.
1650 2485 1715 2523 36.
1748 2485 1813 2523 38.

334 2556 402 2593 42.
445 2554 510 2592 51.
550 2554 614 2592 85.
657 2555 722 2592 98.
767 2553 861 2590 105.
902 2554 996 2590 119.
1039 2554 1132 2590 120.
1172 2555 1265 2592 137.
1312 2554 1406 2590 164.
1447 2552 1539 2590 165.
1582 2555 1674 2592 169.
1718 2555 1812 2592 187.

336 2624 429 2662 190.
471 2623 564 2661 197.
612 2622 705 2660 205.
748 2621 843 2660 215.
889 2622 982 2660 219.
1023 2622 1118 2660 226.
1157 2622 1251 2660 243.
1298 2622 1392 2660 244.
1436 2622 1530 2660 252.
1575 2622 1669 2661 256.
1720 2623 1813 2660 264.

335 2693 430 2731 265.
474 2692 568 2730 280.
609 2693 705 2730 291.
764 2688 814 2728 In
855 2688 1032 2728 Homero
1071 2695 1239 2729 exstant
1276 2690 1583 2729 innumerabilia
1617 2690 1815 2729 eiusmodi

334 2761 542 2813 exempla,
590 2759 719 2799 veluti
766 2758 883 2798 Iliad.
929 2773 962 2807 ν,
999 2773 1036 2798 v.
1071 2761 1165 2799 266.
1209 2761 1302 2799 267.
1351 2761 1445 2808 268,
1486 2759 1526 2798 in
1571 2773 1670 2811 quos
1710 2756 1843 2798 sorte'

335 2831 473 2870 oculos
502 2828 665 2869 conieci.
