1981 3160
857 227 913 234 -
974 206 999 245 3
1060 227 1115 233 -

364 319 641 363 Guttmannus
671 321 834 375 quidem
862 320 906 360 in
934 319 1037 360 libro
1066 331 1198 372 nuper
1225 317 1357 367 edito,
1386 318 1452 358 em·
1479 318 1720 371 inscriptum

250 391 315 431 est
337 389 443 441 „De
484 391 726 445 hymnorum
763 388 1055 429 homericarum
1092 386 1264 428 historia
1299 385 1440 428 critica
1477 386 1600 440 partt.
1629 385 1721 427 1V“

251 456 626 512 (Gryphiswaldiae
664 471 699 498 a.
731 457 870 508 1869),
911 456 1139 505 contendit,
1183 468 1209 495 a
1237 455 1517 495 Baumeistero
1546 468 1629 494 non
1658 467 1721 504 ea,

250 541 330 582 qua
378 539 481 581 opus
530 531 662 578 esset,
700 526 914 579 diligentia
951 525 1135 566 codicum
1172 524 1396 578 scripturas
1433 524 1585 565 relatas
1627 537 1721 565 esse

251 598 335 648 (ΡΒ.
357 596 440 646 10).
499 595 557 635 At
587 594 863 636 Guttmannus
899 607 1043 647 parum
1073 593 1211 633 attulit
1239 605 1314 646 pro
1340 593 1400 633 rei
1428 593 1720 645 magnitudine,

250 665 308 704 ita
352 667 399 704 ut
439 665 556 705 nobis
585 665 658 705 vix
686 664 943 717 persuadeat.
994 662 1087 702 -Res
1112 661 1241 714 igitur
1265 662 1396 701 adhuc
1424 662 1467 701 in
1495 661 1626 701 medio
1655 664 1722 701 est

248 732 523 788 relinquenda,
544 734 645 788 dum„
659 734 773 779 nova*
781 734 822 773 et
836 731 992 773 auctior
1004 731 1245 786 hymnorum
1261 730 1452 781 codicum,
1466 731 1722 784 potissimum

249 802 400 842 codicis
419 801 685 842 Laurentiani
704 802 820 854 (plut.
842 800 1027 851 XXXII,
1048 801 1133 852 45),
1153 801 1205 840 de
1224 812 1303 854 quo
1319 800 1538 850 dubitatur,
1559 800 1722 840 collatio

249 871 329 912 erit
366 871 483 911 facta.
543 871 638 918 Qua
672 870 913 924 hymnorum
950 869 1221 910 Baumeisteri
1264 869 1441 909 editione
1472 869 1614 909 critica
1643 870 1722 909 iter

181 937 188 945 ’
249 939 413 979 tandem
445 940 644 979 munitum
681 941 746 979 est
753 964 780 989 ,-
808 951 887 992 quo
918 937 1170 991 argumentis
1198 937 1452 990 singulorum
1480 937 1722 991 hymnorum

249 1008 557 1048 accuratissime
587 1008 831 1048 examinatis
858 1010 980 1061 atque
1001 1007 1102 1047 locis
1123 1007 1326 1059 corruptis
1347 1019 1566 1060 eorumque
1586 1020 1720 1047 emen-

250 1076 481 1115 dationibus
523 1076 687 1128 penitus
727 1076 954 1129 perspectis
992 1087 1068 1115 nec
1107 1087 1189 1115 non
1229 1075 1432 1127 scriptura
1459 1087 1511 1114 ex
1539 1075 1722 1116 codicum

251 1145 494 1184 auctoritate
524 1145 705 1184 stabilita
735 1148 778 1184 et
807 1143 1043 1184 confirmata
1068 1146 1197 1196 atque.
1221 1143 1403 1183 oratione
1432 1150 1474 1183 et
1493 1157 1538 1183 re
1556 1145 1723 1184 metrica

248 1212 390 1265 hymni
425 1213 605 1253 cuiusvis
642 1214 746 1253 bene
786 1212 961 1265 cognitis
989 1212 1040 1252 de
1065 1224 1205 1253 eorum
1230 1212 1358 1252 forma
1387 1212 1564 1264 genuina
1593 1224 1641 1253 ac
1671 1213 1723 1252 de

249 1282 382 1335 patria
420 1286 463 1322 et
502 1283 644 1335 poeta,
690 1284 884 1335 quantum
925 1282 1021 1322 licet
1060 1294 1114 1322 ex
1142 1281 1244 1334 ipsis
1272 1280 1434 1334 hymnis
1464 1293 1722 1333 cognoscere,

250 1350 399 1391 iudicia
426 1350 522 1391 ferri
548 1354 731 1404 possunt.
771 1350 889 1392 Unde
921 1351 1066 1400 elucet,
1095 1362 1230 1403 opera,
1261 1362 1364 1403 quae
1384 1352 1480 1391 ante
1501 1350 1718 1390 editionem

250 1419 520 1460 Baumeisteri
549 1420 732 1459 confecta
762 1422 868 1469 sunt,
899 1432 1023 1472 quum
1043 1420 1225 1459 subsidia
1250 1420 1402 1470 critica,
1433 1432 1535 1473 quae
1555 1423 1723 1468 vocant,

251 1503 304 1530 ex
350 1489 569 1529 multarum
618 1491 660 1529 et
705 1489 870 1542 saepius
919 1489 1245 1528 absconditarum
1293 1489 1516 1529 editionum
1553 1488 1723 1528 latebris

250 1571 394 1598 eruere
431 1558 560 1598 coacti
597 1546 737 1597 essent
765 1557 833 1597 vel
863 1557 914 1597 iis
946 1557 1105 1597 omnino
1136 1559 1343 1607 carerent,
1386 1570 1465 1596 non
1496 1557 1554 1597 ita
1583 1556 1725 1609 magni

252 1627 437 1667 facienda
456 1640 550 1667 esse
580 1627 622 1666 in
648 1627 699 1667 iis
722 1627 856 1676 rebus,
889 1639 993 1680 quae
1014 1627 1066 1666 ad
1086 1627 1301 1667 lectionem
1319 1626 1388 1666 vel
1409 1625 1725 1666 confirmandam

249 1695 318 1735 vel
359 1695 639 1748 corrigendam
676 1695 902 1748 pertinent,
952 1701 1194 1749 quamquain
1224 1707 1379 1748 negare
1409 1707 1490 1735 non
1519 1695 1724 1745 debemus,

249 1764 388 1805 divina
437 1766 613 1818 quadam
659 1765 843 1805 doctrina
887 1767 929 1805 et
971 1766 1199 1818 sagacitate
1229 1766 1410 1805 virorum
1454 1766 1506 1804 de
1547 1765 1724 1818 antiquis

251 1832 499 1875 Graecorum
544 1834 692 1875 litteris
727 1834 877 1888 optime
916 1834 1152 1875 meritorum
1188 1834 1362 1888 plurima
1397 1834 1477 1875 iam
1519 1834 1646 1875 allata
1683 1836 1726 1874 et

253 1903 469 1955 explorata
495 1917 609 1952 esse,
641 1916 744 1956 quae
771 1905 840 1943 vel
869 1904 1063 1944 librorum
1089 1904 1455 1956 manuscriptorum
1482 1904 1725 1943 auctoritate

255 1971 437 2011 stabilita
472 1972 540 2012 vel
578 1972 882 2025 quaestionibus
896 2003 906 2021 ,
958 1985 1062 2025 quae
1091 1973 1142 2012 de
1173 1972 1348 2024 singulis
1376 1974 1498 2012 rebus
1532 1972 1724 2012 subsidiis

253 2039 481 2079 litterarum
511 2040 605 2088 iude
625 2052 650 2079 a
670 2041 964 2094 quinquaginta
984 2041 1099 2080 annis
1120 2041 1251 2080 auctis
1271 2043 1314 2080 et
1334 2040 1563 2080 luculenter
1583 2041 1724 2094 ampli-

253 2108 385 2149 ficatis
431 2110 644 2149 institutae
692 2111 806 2159 sunt,
849 2109 1108 2150 confirmatae
1149 2110 1281 2149 adhuc
1321 2112 1433 2149 stant
1468 2112 1510 2149 et
1550 2111 1724 2149 fortasse

255 2179 432 2228 stabunt,
459 2178 703 2231 praesertim
734 2178 770 2217 si
799 2177 850 2217 de
879 2178 1122 2230 hymnorum
1152 2190 1243 2217 cum
1273 2164 1449 2218 Homero
1481 2177 1723 2230 cognatione

252 2247 320 2286 vel
346 2247 396 2286 de
428 2259 566 2287 eorum
593 2259 735 2287 maneo
764 2248 806 2286 et
836 2247 1000 2299 saepius
1030 2246 1108 2286 sibi
1136 2247 1337 2287 contrario
1369 2249 1607 2298 argumento
1630 2250 1726 2287 sunt

253 2316 493 2369 consciipta.
543 2315 623 2356 Via
653 2317 789 2356 autem
807 2328 882 2369 per
900 2315 1223 2356 Baumeisterum
1242 2316 1448 2369 patefacta
1467 2317 1613 2356 mirum
1632 2329 1725 2356 esse

252 2386 334 2439 'non
352 2373 502 2439 potest,
523 2385 630 2439 quod
648 2397 729 2425 non
748 2385 868 2438 pauci
890 2397 938 2425 ac
952 2383 1208 2438 potissimum
1227 2385 1406 2432 iuvenes,
1439 2385 1508 2439 qui
1525 2385 1724 2438 primitias

254 2454 478 2495 studiorum
497 2467 579 2494 non
598 2454 763 2494 inutiles
779 2454 960 2507 proferre
979 2454 1120 2504 velint,
1150 2454 1268 2494 novis
1288 2454 1370 2494 illis
1390 2454 1514 2494 armis
1534 2455 1726 2495 instructi

253 2523 304 2563 de
331 2523 494 2577 hymnis
522 2523 800 2577 quaestionem
828 2524 874 2563 ut
900 2523 1139 2563 eruditionis
1169 2525 1374 2563 certamen
1402 2523 1480 2563 sibi
1501 2523 1726 2575 elegerunt.

254 2591 401 2632 Testes
440 2595 536 2633 sunt
574 2592 702 2632 libelli
730 2591 904 2632 Koehnii
934 2591 1042 2643 (Hal.
1074 2593 1214 2643 1865),
1245 2591 1423 2632 Schulzii
1452 2591 1560 2643 (Hal.
1585 2594 1724 2643 1868),

252 2655 498 2703 Windischii
528 2661 656 2715 (Lips.
683 2662 823 2713 1867),
850 2659 994 2702 Grevii
1024 2660 1215 2712 (Monast.
1238 2661 1378 2711 1867),
1398 2660 1606 2701 Fietkavii
1629 2661 1724 2712 (Re-

253 2730 446 2782 giomont.
470 2731 609 2782 1866).
668 2729 755 2769 Nec
786 2732 882 2769 sunt
907 2729 1072 2769 inutiles
1102 2729 1144 2769 hi
1171 2729 1310 2779 libelli,
1341 2728 1491 2783 quippe
1521 2742 1645 2784 quum
1672 2742 1726 2769 ex

253 2800 304 2840 iis
334 2782 440 2840 mole
468 2812 618 2852 magna
648 2812 813 2852 operum
826 2830 837 2849 ,
866 2811 970 2853 quae
1001 2800 1097 2839 sunt
1128 2799 1178 2839 de
1207 2799 1370 2852 hymnis
1391 2799 1617 2849 homericis,
1645 2813 1727 2840 non

251 2869 434 2922 perlecta
464 2868 582 2910 facile
608 2880 844 2922 cognoscas,
875 2868 972 2923 quid
1002 2869 1249 2922 quantumve
1277 2881 1301 2909 a
1329 2868 1430 2910 viris
1462 2869 1593 2911 doctis
1614 2869 1656 2910 in
1675 2869 1726 2909 iis

628 2933 630 2941 s
1433 2943 1454 2979 1
1467 2939 1494 2963 ‚⁶
