1981 3110
287 536 466 591 hymnus
494 538 570 579 hoc
600 550 759 592 quoque
781 538 869 578 loco
899 537 951 578 ad
975 550 1148 590 poeseos
1169 537 1392 578 homericae
1413 529 1627 582 sincerum
1649 588 1658 593 'v

289 606 459 660 propius
490 607 658 648 accedat
686 618 807 679 quam
837 608 974 647 cetera
990 603 1240 647 Graecorum
1268 606 1446 647 carmina
1467 604 1602 659 epica
1587 613 1623 647 a

291 675 334 714 in
363 675 539 716 medium
568 672 733 716 vocata.
1657 664 1661 668 ⁶

595 753 653 798 De
683 765 765 797 usu
795 732 1058 811 dactylorum
1089 757 1133 799 et
1159 730 1452 811 spondeorum.

411 824 460 864 In
502 837 580 864 usu
614 824 814 864 homerico
845 824 1101 877 dactylorum
1129 827 1172 865 et
1199 824 1468 877 spondeorum
1496 823 1656 866 anfinad

292 894 443 946 potest,
475 893 660 946 dactylos
691 893 741 933 ob
768 895 954 933 naturam
979 893 1218 942 hexametri,
1249 893 1356 946 quod
1385 896 1449 934 est
1468 894 1662 936 metrum?

291 960 485 1016 tylicum,
530 961 657 1002 multo
698 962 837 1015 plures
876 962 1050 1002 inveniri
1076 974 1196 1016 quam
1224 962 1437 1014 spondeos.
1496 961 1634 1030 Quum

290 1042 438 1070 versus
475 1043 498 1069 e
533 1030 656 1070 meris
687 1030 864 1083 dactylis
890 1030 1102 1083 compositi
1128 1031 1235 1070 iusto
1267 1031 1494 1071 vivaciores
1523 1043 1618 1070 esse
1644 1042 1702 1098 νᾳ

291 1100 430 1149 antur,
458 1096 661 1139 Homerus
702 1111 774 1139 eos
803 1111 895 1139 raro
922 1098 1097 1140 admisit.
1156 1098 1240 1139 Vix
1268 1098 1374 1139 enim
1399 1092 1581 1152 quintam
1607 1087 1759 1151 sacius),
1776 1140 1789 1156 ι,-

289 1170 472 1220 partem:
503 1181 567 1208 ex.
597 1171 704 1220 grat.
734 1169 776 1208 ιιι
803 1167 917 1208 Iliad.
945 1168 1080 1220 rhaps.
1112 1181 1140 1207 α
1168 1170 1335 1207 exstant
1365 1180 1511 1207 versus
1532 1153 1779 1231 huiusmffiff

294 1238 397 1286 120,
437 1249 539 1290 quos
568 1234 716 1278 Graeci
745 1231 1052 1285 ὃλοὸακτύλους
1081 1237 1220 1277 dicunt
1248 1232 1425 1287 στίχους.
1482 1228 1740 1285 Eandem]'{r²a

290 1304 442 1345 tionem
481 1305 650 1358 praebet
689 1305 865 1359 hymnus
894 1307 1054 1355 noster,
1098 1306 1166 1359 qui
1192 1307 1246 1345 46
1277 1318 1423 1346 versus
1454 1293 1789 1363 ὁλοδακτύλ(ξιῑςςς·-“Ἰ

290 1374 426 1415 habet.
487 1374 751 1427 Quantopere
780 1388 878 1414 vero
905 1373 1107 1414 Homerus
1127 1375 1169 1414 in
1190 1375 1293 1427 pede
1314 1375 1441 1427 primo
1462 1374 1618 1415 faveret
1637 1363 1791 1430 sphnx

291 1443 379 1493 deo,
405 1443 486 1483 iam
514 1455 640 1496 supra
669 1443 943 1496 exposuimus,
973 1456 1096 1497 quum
1125 1443 1176 1483 de
1205 1455 1374 1484 caesura
1401 1445 1495 1497 post
1515 1438 1672 1496 pedem
1668 1437 1741 1506 piu

289 1525 399 1552 mum
425 1512 561 1565 posita
580 1512 885 1563 dissereremus,
916 1526 1022 1553 nunc
1042 1512 1271 1552 addendum
1290 1515 1366 1562 est,
1393 1513 1469 1552 hoc
1489 1512 1789 1571 spondeorum

289 1580 609 1622 invehendorum
639 1581 856 1622 studium
844 1595 886 1622 111
904 1581 1138 1623 universam
1157 1594 1303 1622 versus
1321 1581 1564 1635 particulam
1583 1587 1790 1635 prlorem

291 1650 447 1690 cadere.
502 1650 643 1704 Aeque
686 1651 728 1690 in
758 1651 907 1704 hymno
937 1653 1075 1691 nostro
1108 1650 1330 1703 spondeum
1358 1651 1532 1703 legimus
1562 1651 1604 1690 in
1628 1636 1797 1705 primo
1827 1699 1835 1711 ἱ

291 1718 396 1771 pede
435 1722 499 1759 ter
522 1721 564 1759 et
591 1719 791 1771 octogies,
831 1719 873 1759 in
900 1719 1077 1760 secundo
1106 1719 1210 1772 pede
1240 1719 1366 1760 octies
1396 1722 1439 1759 et
1468 1714 1687 1772 sexagies,
1717 1719 1728 1731 ‘

287 1789 459 1840 utroque
497 1787 600 1840 pede
641 1788 760 1827 simul
798 1790 862 1827 ter
897 1791 940 1827 et
976 1788 1136 1837 tricies,
1169 1788 1341 1841 denique
1382 1788 1423 1827 in
1452 1788 1583 1828 tribus
1609 1787 1734 1848 Versu
1765 1832 1769 1833 ⁷

285 1855 459 1908 pedibus
488 1855 691 1909 prioribus
722 1856 859 1896 octies.
908 1855 1018 1897 Raro
1050 1859 1186 1897 autem
1214 1856 1354 1910 plures
1385 1869 1505 1910 quam
1529 1859 1616 1897 tres
1636 1869 1657 1901 s
1775 1850 1777 1852 ’

286 1924 353 1964 dei
398 1925 509 1978 apud
553 1924 776 1965 Homerum
825 1926 868 1966 in
908 1926 1049 1966 eodem
1088 1939 1213 1966 versu
1253 1928 1438 1976 exstant,
1483 1926 1545 1966 uti
1584 1876 1785 1987 quatuo-³¹¹

285 1991 402 2033 Iliad.
432 2006 471 2043 α,
502 1995 598 2034 439.
656 1992 707 2034 Ιιι
744 1994 896 2048 hymno
934 1995 1130 2035 habemus
1160 1995 1262 2035 duos
1291 2007 1437 2035 versus
1467 1998 1558 2035 cum
1583 1995 1734 2058 quatuo

278 2061 491 2114 spondeis,
518 2075 586 2102 vv.
616 2066 695 2102 121
730 2065 773 2103 et
805 2067 899 2113 192,
927 2064 995 2117 qui
1025 2054 1193 2116 insuper
1221 2064 1264 2104 ιιι
1293 2064 1435 2103 ultimo
1463 2076 1610 2115 versus
1637 2062 1755 2117 pede,

286 2129 355 2183 qui
380 2130 449 2169 vel
469 2131 705 2170 trochaeum
724 2131 792 2170 vel
810 2133 1034 2185 spondeum
1053 2132 1186 2181 habet,
1209 2132 1387 2184 spondeo
1407 2134 1587 2172 utuntur.
1613 2123 1738 2184 Spon

284 2198 406 2239 deum
434 2210 460 2238 a
487 2199 628 2253 quinto
656 2199 882 2241 hexametri
910 2201 1014 2254 pede
1043 2201 1219 2241 alienum
1249 2213 1341 2241 esse
1370 2201 1412 2241 in
1440 2200 1535 2241 ludo
1556 2191 1756 2259 puer-'iam

284 2279 366 2306 non
403 2267 577 2319 ignorat.
636 2267 694 2307 At
738 2267 940 2309 Homerus
972 2269 1007 2308 si
1037 2269 1259 2321 spondeum
1289 2268 1358 2308 illo
1387 2269 1476 2309 loco
1507 2264 1681 2313 admisit
1699 2289 1753 2297 -—

285 2337 328 2375 et
354 2335 519 2376 admisit
545 2336 760 2391 aliquoties
789 2337 919 2378 veluti
948 2339 990 2378 in
1020 2337 1136 2379 Iliad.
1166 2338 1301 2391 rhaps.
1332 2352 1361 2378 α
1388 2340 1453 2378 ter
1472 2341 1515 2378 et
1534 2329 1728 2395 τιήιοιθεζι

285 2405 317 2457 β
355 2406 500 2458 quater
533 2408 576 2446 et
601 2405 891 2460 quinquagies,
935 2407 977 2447 in
1006 2419 1031 2460 y
1060 2407 1186 2447 vicies
1200 2438 1211 2456 ‚
1251 2408 1293 2447 ιιι
1320 2404 1346 2447 ὁ
1371 2407 1434 2447 bis
1463 2410 1505 2447 et
1532 2396 1671 2449 tricies
1697 2427 1755 2436 -—-

285 2474 371 2514 fere
403 2478 563 2527 semper
592 2476 703 2515 certo
734 2475 908 2529 quodam
937 2476 1105 2516 consilio
1128 2476 1237 2526 facit,
1266 2476 1441 2516 fortasse
1461 2479 1508 2517 ut
1525 2475 1643 2517 tardo
1661 2456 1738 2519 νόι·

288 2555 360 2583 sus
390 2543 505 2582 exitu
534 2556 620 2583 rem
648 2557 742 2583 esse
770 2545 934 2584 tardam
958 2545 1160 2598 significet
1188 2545 1257 2584 vel
1286 2548 1333 2584 ut
1361 2545 1419 2584 rei
1435 2539 1713 2598 magnitudine

285 2622 333 2650 ac
363 2610 544 2651 virorum
573 2612 830 2652 maiestatem
846 2612 862 2636 ¹
890 2613 1095 2653 describat
1125 2613 1193 2652 vel
1223 2626 1277 2652 ex
1305 2613 1386 2652 alia
1402 2612 1600 2652 eiusmodi
1618 2609 1726 2692 caud

354 2716 415 2761 1)
438 2715 559 2762 Aeque
583 2715 756 2754 Goethius
789 2719 911 2755 noster
941 2718 978 2754 ιιι
1003 2718 1159 2755 carmine
1188 2710 1432 2765 celeberrimo,
1463 2718 1520 2754 oui
1541 2705 1592 2762 ιιι
1606 2771 1608 2773 v
1681 2768 1684 2769 γ
1703 2754 1708 2758 ,
1727 2736 1777 2770 ¹¹„

284 2774 342 2808 est
374 2772 573 2815 ,Hermann
598 2777 628 2808 &
652 2775 868 2818 Dorothea‘,
904 2776 943 2811 in
973 2778 1065 2812 cant.
1098 2777 1226 2822 quarto
1260 2775 1444 2822 (Euterpe)
1473 2785 1506 2810 ν.
1533 2775 1577 2812 21
1618 2773 1641 2820 J
1674 2774 1687 2781 ”
1742 2771 1762 2809 2

282 2830 442 2877 wfirdige
465 2831 754 2877 Βιιιᾞειιιιιιιειειικι
1746 2835 1755 2845 ’
