1981 3110
347 288 441 365 ’(1ξῆ
446 290 449 291 ⁷
452 280 655 351 Vestae
671 291 847 348 'numine
875 280 1213 367 spectatissimam
1251 288 1391 366 castae
1428 282 1600 350 vitae
1600 281 1614 297 ⁷.

291 382 295 386 ‘
337 356 614 435 incorruptae
643 374 822 428 effigiem
847 375 940 416 esse
967 377 1230 434 perceptam,
1261 388 1370 430 quae
1392 374 1558 429 quidem
1595 362 1661 419 eit

353 442 466 497 illius
501 441 680 484 numinis
706 443 830 520 quasi
851 442 982 484 altera
1008 443 1177 520 natura,
1207 455 1311 497 quae
1350 443 1428 496 fuit
1456 443 1658 511 naturali

355 573 541 634 Cybelen
585 592 677 621 cum
714 579 846 620 Vesta
875 592 970 620 esse
1004 580 1224 622 confusam.
1294 580 1411 621 Hanc
1445 567 1576 634 igitur
1605 581 1657 633 (16
1683 617 1688 621 .

355 643 549 694 fabellam
570 661 627 689 ex
658 647 925 700 Trojanorum
954 648 1117 701 ingenio
1147 661 1388 702 expressam
1417 662 1509 690 cum
1533 643 1661 692 totius
1682 675 1705 704 3·
1794 703 1801 707 ἱ
1828 688 1857 705 ,.

295 769 299 774 ,
356 708 598 771 argumento
628 716 778 770 optime
799 728 1024 769 congruere
1057 716 1167 757 facili
1191 717 1356 770 negotio
1386 700 1730 759 concedimus.

356 798 457 828 vero
498 787 686 843 naturam
714 785 833 825 modo
862 785 1109 838 descriptam
1137 798 1162 824 a
1187 785 1319 826 Vesta
1358 786 1401 826 in
1426 787 1637 840 posterum
1666 799 1720 845 qu

358 853 519 908 tempus
548 855 748 895 retentam
775 865 869 894 esse
898 855 1028 894 testes
1056 855 1152 893 sunt
1181 853 1414 894 Pindarus³
1442 856 1486 895 et
1510 848 1722 913 Vergilius
1860 889 1868 895 .
1912 890 1915 895 .

474 922 542 963 Ita
561 934 699 962 omnes
728 922 918 975 ineptiae,
945 934 1045 976 quas
1065 934 1139 962 nos
1159 934 1286 976 supra
1315 935 1369 964 ex
1395 923 1559 976 ingenio
1579 921 1834 981 (11866οΜ

358 1005 445 1034 rem
473 990 741 1032 diiudicantes
765 991 998 1040 attulimus,
1033 1005 1056 1031 e
1085 992 1217 1031 medio
1244 992 1430 1032 sublatae
1460 994 1566 1035 sunt.
1625 977 1764 1040 Quoci¹
1789 1040 1792 1044 ‚

334 1055 337 1058 ⁴
361 1058 456 1110 stat,
474 1059 582 1114 quod
602 1059 879 1112 disputatione
899 1061 1041 1099 nostra
1060 1059 1340 1100 demonstrare
1360 1060 1495 1100 conati
1515 1073 1666 1110 sumus,
1686 1071 1831 1121 nempe

359 1131 402 1179 et
427 1127 603 1168 'Veneris
640 1129 829 1167 naturam
868 1129 911 1167 et
948 1129 1080 1167 totum
1117 1127 1276 1167 fabulae
1312 1115 1556 1167 contextum
1591 1140 1673 1168 non
1707 1127 1853 1183 posue*

358 1197 464 1238 bene
492 1194 689 1248 intelligi,
719 1194 800 1235 nisi
829 1208 882 1235 ex
909 1195 1068 1244 fabulis,
1099 1208 1201 1249 quas
1235 1196 1342 1235 inter
1371 1194 1568 1236 Troianos
1594 1196 1664 1237 vel
1692 1202 1858 1247 eorum

360 1265 554 1318 reliquias
576 1262 698 1303 Troia
718 1265 839 1316 capta
868 1264 910 1302 in
939 1262 1038 1303 Idae
1065 1264 1236 1303 saltibus
1267 1264 1475 1316 dispersas
1503 1264 1633 1305 fuisse
1661 1246 1855 1327 constat,{

362 1333 649 1386 argumentum
698 1332 823 1372 totius
861 1332 1002 1385 hymni
1049 1334 1254 1385 sumptum
1294 1345 1387 1372 esse
1424 1334 1594 1373 statuas.
1664 1328 1860 1374 Accedit

362 1402 471 1457 quod
508 1400 715 1442 Anchisae
747 1401 868 1442 timor
906 1401 1029 1441 miser
1065 1401 1142 1441 dea
1181 1401 1322 1454 agnita
1335 1400 1354 1425 ⁵
1386 1414 1460 1442 nos
1498 1400 1620 1442 valde
1660 1376 1857 1453 offendit.
1958 1448 1960 1452 ⁸

363 1471 448 1518 Qui
479 1471 601 1512 timor
637 1484 691 1511 ex
732 1483 823 1511 mea
861 1471 1057 1524 quidem
1063 1470 1250 1523 opinione
1286 1474 1380 1523 apte
1410 1470 1674 1522 explanatur,
1712 1483 1863 1539 mmm*
1918 1460 1965 1496 '2

363 1540 495 1581 animo
523 1541 686 1590 teneas,
717 1537 945 1589 Anchisen,
982 1540 1199 1593 postquam
1226 1552 1318 1579 cum
1344 1539 1420 1579 dea
1455 1551 1721 1591 congressum
1739 1534 1836 1595 esse

363 1608 718 1658 animadverterit,
771 1621 852 1647 non
899 1609 1155 1660 ignorantem
1199 1607 1341 1659 ipsius
1370 1619 1569 1659 proavum
1608 1600 1813 1667 Iasionem

361 1679 531 1731 propter
569 1676 827 1731 concubitum
864 1689 954 1716 cum
990 1676 1138 1718 Cerere
1176 1676 1328 1716 factum
1375 1674 1487 1715 Iovis
1535 1675 1703 1715 fulmine
1739 1666 1843 1727 esse.

362 1757 604 1798 percussum
621 1743 658 1794 ⁷,
695 1746 896 1794 metuere,
927 1757 978 1783 ne
1006 1744 1095 1798 ipse
1121 1743 1228 1783 idem
1256 1755 1454 1796 passurus
1497 1742 1592 1783 sit.
1565 1741 1583 1767 ⁸
1649 1742 1721 1785 Et
1728 1732 1843 1799 ΤῘιΘξ-

362 1811 496 1854 mida⁹
521 1826 546 1853 a
577 1811 843 1853 Troianorum
873 1813 1012 1852 ordine
1043 1813 1208 1852 deorum
1237 1824 1317 1852 non
1349 1812 1522 1852 alienam
1548 1811 1674 1851 fuisse
1702 1799 1857 1880 elucet}
1918 1811 1927 1825 “

362 1881 434 1923 vel
464 1881 721 1935 potissimum
747 1894 802 1921 ex
821 1893 887 1931 eo,
926 1881 1034 1934 quod
1063 1879 1267 1921 Anchisae
1295 1880 1426 1934 ipsius
1456 1881 1596 1930 mater,
1626 1883 1746 1933 quae
1743 1872 1854 1931 fuist

302 1942 305 1943 ⁷
364 1945 518 2004 capyis
544 1962 673 1999 uxor,
702 1961 849 1990 nomen
877 1949 1052 1990 habebat
1081 1948 1288 1990 Themidis
1301 1947 1351 1988 ¹⁰.
1409 1947 1593 2001 Denique
1621 1960 1745 2004 aurea
1768 1936 1836 2007 o'rf

365 2020 558 2061 namenta
585 2021 629 2059 et
657 2018 793 2059 novile
823 2019 1009 2059 bacatum
1037 2005 1212 2058 Veneris
1242 2018 1285 2057 in
1313 2016 1509 2071 hymno¹²
1540 2016 1702 2069 saepius
1731 2028 1840 2085 com-
1944 2007 1948 2023 ³

461 2166 513 2211 1)
521 2164 684 2202 manaen
704 2163 810 2199 1.1.1
826 2174 886 2209 pg.
907 2163 950 2200 26
968 2174 1064 2210 sqq.;
1086 2163 1226 2199 Preller
1249 2160 1353 2197 1.1.Ι
1368 2171 1429 2206 pg.
1445 2159 1515 2195 406
1531 2169 1584 2205 sq.

456 2224 494 2267 2)
516 2232 545 2258 s.
567 2233 600 2257 v.
625 2224 693 2267 γῆς
719 2218 872 2266 ἄγαλμα
896 2239 940 2244 -
965 2218 1008 2255 cf.
1028 2219 1167 2255 Preller
1190 2217 1366 2263 1.1.1pg.
1385 2216 1465 2253 272.

459 2279 496 2324 3)
519 2278 623 2314 Nem.
649 2276 714 2319 XI,
740 2279 760 2314 1
778 2287 854 2323 sqq.

462 2337 500 2379 4)
524 2333 672 2370 Aeneid.
696 2333 728 2376 Ι,
746 2334 825 2370 292.

463 2391 500 2436 5)
524 2391 647 2436 hymn.
671 2401 703 2425 v.
723 2391 789 2426 181
807 2401 884 2436 sqq.

463 2449 499 2495 6)
524 2447 676 2489 Lobeck.
700 2442 877 2494 Aglaoph.
901 2458 962 2494 pg.
983 2446 1074 2484 1222
1086 2457 1140 2493 sq.

464 2507 501 2553 7)
523 2505 673 2551 Dionys.
698 2504 739 2540 A.
757 2505 800 2541 R..
816 2504 846 2546 Ι,
860 2505 915 2541 61.

463 2563 501 2610 8)
523 2563 685 2600 Klausen
709 2562 733 2597 1.
750 2561 808 2598 1.1
824 2573 910 2608 pgg.
923 2563 968 2599 30
986 2562 1023 2598 et
1037 2562 1115 2598 339.

375 2659 383 2665 ,
461 2621 500 2667 9)
522 2620 648 2667 hymni
669 2631 701 2656 v.
721 2620 778 2656 94.

442 2678 502 2724 10)
527 2676 689 2714 manaen
713 2676 738 2713 l.
755 2676 782 2712 l.
795 2675 816 2712 Ι
830 2686 892 2722 pg.
911 2675 989 2712 144.
1008 2674 1076 2711 174
1087 2684 1164 2721 sqq.
1191 2671 1355 2720 Apollod.
1372 2671 1441 2716 111,
1461 2673 1517 2714 12,
1530 2671 1562 2708 2.

443 2735 502 2781 11)
526 2745 583 2772 vv.
602 2735 639 2782 1,-
650 2736 684 2772 9.
703 2735 760 2772 65.
777 2735 822 2772 86
839 2744 917 2780 sqq.
942 2733 998 2771 93.
1017 2733 1085 2770 162
1100 2743 1178 2779 sqq.
1337 2738 1344 2745 ’
