1981 3160
828 198 1115 238 -15-

235 323 435 365 eiusmodi
476 336 624 364 versus
674 335 766 363 cum
802 334 972 363 caesura
1010 324 1105 375 post
1140 321 1286 374 pedem
1322 320 1488 360 tertium
1523 322 1703 372 exstant,

235 393 372 434 veluti
388 393 426 434 ¹:
462 392 611 442 ,Poeni
639 392 926 443 pervertentes
954 390 1087 430 omnia
1116 390 1435 449 circumcursant
1445 392 1475 439 ‘,·
1496 389 1570 429 sed
1607 394 1704 442 sunt

236 461 414 515 pessimi.
470 459 522 500 In
550 461 689 500 nostro
719 459 870 513 hymno
897 458 1038 512 plures
1066 470 1215 499 versus
1244 460 1339 511 post
1367 458 1511 511 pedem
1539 459 1704 499 tertium

237 531 505 580 dissecantur,
533 529 607 570 sed
635 541 795 581 semper
826 528 957 568 altera
983 529 1122 569 exstat
1148 538 1331 576 caesura,
1358 538 1463 580 quae
1481 527 1705 580 praevalet.

235 598 294 641 Ut
321 598 509 652 exempla
538 598 751 651 proferam,
783 609 930 637 versus
958 598 1013 637 43
1033 596 1229 637 dividitur
1247 597 1344 649 post
1361 596 1508 648 pedem
1527 596 1704 648 tertium,

237 668 311 708 sed
344 667 558 720 praevalet
597 678 768 707 caesura
809 665 1114 719 semiquinaria,
1167 677 1288 719 quam
1327 664 1512 717 sequitur
1535 677 1706 706 caesura

236 736 438 786 bucolica,
470 748 574 790 quae
601 736 784 784 vocatur,
814 736 879 774 est
907 734 1036 786 igitur
1065 734 1168 773 ratio
1198 732 1277 786 2¹s2
1303 737 1345 781 4-
1369 731 1439 786 [¹l2
1465 737 1507 780 4-
1533 738 1555 773 1
1578 739 1621 782 ÷
1644 734 1705 787 2],

237 805 306 845 vel
364 817 511 845 versus
562 805 667 853 164,
705 803 775 843 ubi
812 802 883 842 illa
922 802 1031 842 mala
1064 813 1235 842 caesura
1270 801 1460 855 neglecta
1495 802 1707 855 praevalet

157 868 160 871 ¹
238 875 409 914 caesura
447 872 750 925 semiquinaria,
797 883 970 923 quacum
1008 871 1245 911 coniunctae
1286 873 1382 910 sunt
1418 883 1588 910 caesura
1612 875 1708 923 post

238 941 384 995 pedem
425 941 598 995 primum
627 941 670 980 et
698 939 893 990 bucolica,
924 941 989 980 est
1015 938 1144 992 igitur
1172 939 1274 982 ratio
1304 937 1349 992 [1
1372 943 1415 987 -Ι-
1439 936 1541 993 1¹l2]
1565 944 1607 988 -Ι-
1629 939 1703 995 [¹J2

241 1015 284 1058 -Ι-
307 1012 348 1062 (1
372 1015 415 1058 -Ι-
434 1010 525 1063 2)].
564 1009 622 1049 Et
660 1009 858 1048 eiusmodi
896 1009 1085 1060 exempla
1122 1008 1250 1047 habeo
1277 1008 1407 1048 multa
1435 1009 1478 1047 in
1506 1013 1707 1062 promptu.

239 1079 408 1121 Praeter
427 1091 620 1120 caesuras
639 1077 756 1132 pedis
776 1075 888 1119 tertii
906 1076 1169 1119 inveniuntur
1187 1089 1356 1118 caesura
1377 1077 1709 1131 semiseptenaria

241 1152 284 1189 et
324 1149 611 1189 semiternaria.
671 1148 852 1190 Caesura
892 1147 1224 1199 semiseptenaria
1260 1149 1324 1186 est
1353 1158 1524 1187 caesura
1553 1160 1710 1188 summa

239 1219 282 1259 in
297 1231 424 1260 versu
442 1218 583 1272 hymni
601 1217 731 1258 nostri
750 1218 893 1271 quarto
909 1219 952 1257 et
973 1217 1148 1257 fortasse
1169 1216 1211 1257 in
1228 1229 1353 1257 versu
1373 1218 1468 1266 200,
1488 1217 1569 1257 nisi
1576 1219 1707 1258 mavis

237 1301 312 1328 nos
350 1288 465 1342 sequi
503 1288 588 1340 (pg.
612 1287 693 1338 14).
750 1286 969 1340 Nunquam
997 1298 1095 1326 vero
1125 1286 1226 1326 haec
1255 1298 1425 1325 caesura
1455 1286 1544 1326 sola
1569 1289 1708 1338 exstat

237 1369 370 1411 neque
390 1356 499 1410 apud
518 1346 740 1396 Homerum
759 1368 890 1409 neque
916 1355 960 1396 in
988 1353 1137 1409 hymno
1157 1356 1310 1405 nostre,
1340 1355 1414 1395 sed
1435 1368 1595 1408 semper
1614 1368 1707 1396 eon-

239 1426 377 1466 iuncta
407 1427 472 1466 est
501 1438 594 1466 cum
623 1425 727 1476 aliis,
759 1425 818 1465 sic
846 1425 954 1478 apud
971 1424 1192 1465 Homerum
1209 1424 1251 1464 in
1269 1423 1387 1465 Iliad.
1403 1423 1492 1475 λη’.
1512 1427 1594 1466 361
1616 1438 1707 1466 cum

239 1495 536 1549 semiquinaria,
565 1494 682 1537 Iliad.
703 1508 742 1544 α,
771 1508 810 1534 v.
827 1497 881 1535 48
904 1507 996 1534 cum
1022 1495 1140 1547 pedis
1163 1494 1275 1534 tertii
1298 1506 1469 1534 caesura
1489 1495 1705 1545 trochaica,

238 1565 281 1603 et
310 1563 352 1603 in
376 1564 517 1617 hymni
546 1563 676 1604 nostri
704 1577 743 1603 v.
774 1566 801 1603 4
832 1576 923 1603 cum
952 1563 1132 1604 caesuris
1163 1563 1443 1603 semiternaria
1468 1565 1511 1603 et
1527 1563 1709 1604 bucolica

243 1656 290 1662 —-
341 1634 408 1673 est
452 1633 581 1686 igitur
617 1633 719 1673 ratio
762 1630 858 1686 (1¹J2
885 1636 928 1681 4-
951 1632 994 1683 2)
1022 1637 1065 1680 -1-
1108 1630 1176 1686 (¹s2
1209 1636 1253 1680 -Ι-
1286 1633 1328 1683 2)
1368 1654 1436 1681 —‚
1477 1632 1519 1671 in
1555 1645 1593 1672 v.
1624 1635 1705 1673 271

239 1713 330 1741 cum
360 1713 529 1742 caesura
559 1695 846 1756 semiquinaria
875 1703 917 1741 et
943 1702 1038 1754 post
1066 1701 1210 1752 pedem
1234 1700 1408 1754 primum
1432 1723 1487 1758 ἡ
1500 1703 1564 1741 est
1582 1701 1710 1754 igitur

238 1771 343 1811 ratio
385 1771 446 1824 [(1
472 1775 515 1819 -l-
535 1769 633 1825 1¹l2)
655 1775 696 1819 -Ι-
720 1770 765 1824 1]
788 1775 831 1819 -ι-
854 1768 925 1825 [ΙΙξς
952 1775 994 1819 -1-
1018 1770 1078 1823 2],
1103 1771 1147 1811 in
1173 1783 1212 1810 v.
1234 1772 1260 1810 8
1291 1783 1382 1811 cum
1411 1770 1591 1811 caesuris
1614 1774 1710 1824 post

237 1840 384 1892 pedem
411 1839 584 1892 primum
614 1841 657 1879 et
683 1840 800 1892 pedis
831 1840 942 1883 tertii
961 1839 1165 1894 trochaica
1184 1842 1347 1892 praeter
1360 1852 1571 1880 caesuram
1590 1840 1707 1880 semi-

240 1909 517 1961 septenariam
532 1932 586 1938 —
609 1910 673 1949 est
688 1908 816 1961 igitur
836 1909 939 1949 ratio
959 1908 1004 1962 [1
1019 1912 1062 1956 -Ι-
1078 1906 1182 1962 1314]
1209 1914 1248 1957 4-
1271 1907 1344 1962 [3],1ι
1361 1913 1404 1956 -Ι-
1419 1907 1536 1962 2¹l2].
1564 1908 1708 1962 Neque
1722 1937 1731 1940 γ

242 1977 322 2017 alia
337 1977 468 2017 utitur
483 1978 710 2017 conditione
723 1990 894 2018 caesura
907 1978 1200 2028 semitm-naria,
1230 1990 1333 2031 quae
1349 1978 1489 2018 eadem
1505 1990 1710 2032 nunquam

239 2048 305 2086 est
335 2057 506 2087 caesura
534 2060 682 2087 versus
714 2059 881 2096 summa,
910 2047 984 2093 sed
1011 2059 1171 2099 semper
1192 2046 1406 2098 conjuncta
1426 2059 1518 2086 cum
1538 2059 1710 2087 caesura

237 2114 355 2166 pedis
374 2115 497 2165 tertii,
518 2115 694 2155 fortasse
714 2128 806 2155 cum
826 2105 1161 2168 semiseptenaria
1180 2114 1244 2167 (cf.
1264 2128 1303 2155 v.
1324 2114 1380 2166 4),
1407 2114 1537 2155 veluti
1556 2113 1662 2155 Iliad
1677 2112 1709 2167 ζ,

240 2186 325 2224 394
365 2196 456 2224 cum
492 2196 662 2225 caesura
689 2185 807 2238 pedis
837 2185 948 2225 tertii
977 2184 1193 2225 trochaica.
1251 2183 1314 2224 De
1343 2184 1482 2225 multis
1510 2184 1709 2237 exemplis

240 2252 392 2294 sufficit
418 2253 600 2306 proferre
629 2253 775 2294 haece:
807 2265 978 2294 caesura
1007 2253 1290 2294 semiternaria
1318 2253 1361 2294 in
1373 2253 1561 2295 versibus
1581 2257 1619 2294 7.
1644 2257 1708 2294 11.

220 2325 295 2364 .13
328 2322 543 2363 coniuncta
574 2318 639 2363 est
670 2336 761 2363 cum
791 2323 1088 2377 semiquinaria,
1116 2324 1158 2363 in
1187 2323 1374 2363 versibus
1406 2324 1596 2363 9.15.17
1618 2336 1709 2363 cum

238 2402 410 2431 caesura
437 2391 553 2444 pedis
580 2391 692 2432 tertii
719 2392 933 2432 trochaica.
991 2391 1124 2432 Multa
1152 2404 1320 2445 possum
1350 2390 1492 2431 afferre
1522 2392 1711 2445 exempla

239 2459 290 2499 de
321 2458 602 2499 coniunctione
630 2472 825 2500 caesurae
857 2460 1157 2500 semiternariae
1178 2462 1220 2500 et
1239 2460 1605 2512 semiseptenariae,
1634 2460 1708 2500 sed

240 2530 336 2568 sunt
360 2530 422 2568 tot
451 2540 499 2568 ac
529 2530 614 2568 tam
637 2529 788 2579 variae,
817 2531 864 2569 ut
888 2542 969 2569 non
998 2542 1052 2569 ex
1080 2532 1225 2582 poetae
1252 2518 1444 2578 consilio,
1464 2529 1538 2568 sed
1560 2530 1607 2569 ut
1623 2529 1708 2569 fors

238 2596 416 2646 ferebat,
446 2598 560 2637 ortae
589 2609 683 2637 esse
708 2597 935 2638 videantur.
992 2596 1126 2639 Aliter
1154 2600 1220 2639 est
1248 2597 1507 2638 iudicandum
1536 2597 1588 2638 de
1618 2610 1706 2638 cae-

241 2677 338 2705 sura
375 2665 578 2715 bucolica,
626 2679 700 2719 per
737 2680 858 2721 quam
901 2679 1071 2708 caesura
1109 2679 1192 2707 una
1230 2667 1411 2706 alterave
1448 2666 1566 2719 pedis
1596 2666 1708 2706 tertii

238 2733 374 2787 posita
402 2734 580 2775 secunda
611 2748 757 2776 versus
775 2748 872 2789 pars
893 2736 1025 2776 denuo
1047 2736 1274 2777 dissecatur
1288 2748 1335 2776 ac
1350 2735 1558 2776 dividitur.
1592 2734 1706 2776 Haec

238 2814 409 2843 caesura
434 2803 671 2855 saepissime
691 2805 898 2845 invenitur
912 2826 966 2833 —
978 2805 1104 2846 velut.
1140 2804 1172 2845 I.
1190 2804 1405 2845 Bekkerus
1426 2804 1507 2856 (1.1.
1523 2801 1593 2857 pg.
1607 2806 1706 2855 144)

332 2902 369 2947 1)
394 2901 423 2937 1.
447 2883 678 2938 Bekker'1.1.
705 2913 766 2948 pg.
792 2904 870 2940 142.
