<?xml version="1.0" encoding="UTF-8"?>
<!DOCTYPE html PUBLIC "-//W3C//DTD XHTML 1.0 Transitional//EN"
    "http://www.w3.org/TR/xhtml1/DTD/xhtml1-transitional.dtd">
<html xmlns="http://www.w3.org/1999/xhtml" xml:lang="en" lang="en">
 <head>
  <title>
</title>
<meta http-equiv="Content-Type" content="text/html;charset=utf-8" />
  <meta name='ocr-system' content='tesseract 3.04.00' />
  <meta name='ocr-capabilities' content='ocr_page ocr_carea ocr_par ocr_line ocrx_word'/>
</head>
<body>
  <div class='ocr_page' id='page_1' title='image "4737856_0026.png"; bbox 0 0 1981 3160; ppageno 0'>
   <div class='ocr_carea' id='block_1_1' title="bbox 920 154 1209 204">
    <p class='ocr_par' dir='ltr' id='par_1_1' title="bbox 920 154 1209 204">
     <span class='ocr_line' id='line_1_1' title="bbox 920 154 1209 204; baseline 0.003 -11"><span class='ocrx_word' id='word_1_1' title='bbox 920 154 1094 204; x_wconf 58' lang='lat'><strong>...14</strong></span> <span class='ocrx_word' id='word_1_2' title='bbox 1155 187 1209 194; x_wconf 85' lang='grc'><strong>-</strong></span> 
     </span>
    </p>
   </div>
   <div class='ocr_carea' id='block_1_2' title="bbox 778 287 1361 345">
    <p class='ocr_par' dir='ltr' id='par_1_2' title="bbox 778 287 1361 345">
     <span class='ocr_line' id='line_1_2' title="bbox 778 287 1361 345; baseline 0.003 -14"><span class='ocrx_word' id='word_1_3' title='bbox 778 287 849 331; x_wconf 81' lang='lat' dir='ltr'><strong>De</strong></span> <span class='ocrx_word' id='word_1_4' title='bbox 876 288 1047 345; x_wconf 77' lang='lat' dir='ltr'><strong>hymni</strong></span> <span class='ocrx_word' id='word_1_5' title='bbox 1075 300 1131 332; x_wconf 89' lang='lat' dir='ltr'><strong>re</strong></span> <span class='ocrx_word' id='word_1_6' title='bbox 1157 289 1361 333; x_wconf 77' lang='lat' dir='ltr'><strong>metrica</strong></span> 
     </span>
    </p>
   </div>
   <div class='ocr_carea' id='block_1_3' title="bbox 440 356 1200 412">
    <p class='ocr_par' dir='ltr' id='par_1_3' title="bbox 440 356 1200 412">
     <span class='ocr_line' id='line_1_3' title="bbox 440 356 1200 412; baseline 0.004 -15"><span class='ocrx_word' id='word_1_7' title='bbox 440 356 503 398; x_wconf 85' lang='lat' dir='ltr'><strong>Ac</strong></span> <span class='ocrx_word' id='word_1_8' title='bbox 533 357 709 411; x_wconf 89' lang='lat' dir='ltr'><strong>primum</strong></span> <span class='ocrx_word' id='word_1_9' title='bbox 737 358 898 412; x_wconf 79' lang='lat' dir='ltr'>agimus</span> <span class='ocrx_word' id='word_1_10' title='bbox 925 360 977 400; x_wconf 91' lang='lat' dir='ltr'><strong>de</strong></span> <span class='ocrx_word' id='word_1_11' title='bbox 1006 360 1200 400; x_wconf 81' lang='lat' dir='ltr'><strong>caesuris.</strong></span> 
     </span>
    </p>
   </div>
   <div class='ocr_carea' id='block_1_4' title="bbox 322 436 1799 755">
    <p class='ocr_par' dir='ltr' id='par_1_4' title="bbox 322 436 1799 755">
     <span class='ocr_line' id='line_1_4' title="bbox 902 436 1214 481; baseline 0 -1"><span class='ocrx_word' id='word_1_12' title='bbox 902 436 972 480; x_wconf 83' lang='lat' dir='ltr'><strong>De</strong></span> <span class='ocrx_word' id='word_1_13' title='bbox 1001 436 1214 481; x_wconf 78' lang='lat' dir='ltr'><strong>caesuris</strong></span> 
     </span>
     <span class='ocr_line' id='line_1_5' title="bbox 438 504 1798 560; baseline 0.001 -14"><span class='ocrx_word' id='word_1_14' title='bbox 438 504 728 547; x_wconf 82' lang='lat' dir='ltr'><strong>Hoffmann</strong></span> <span class='ocrx_word' id='word_1_15' title='bbox 779 507 1056 554; x_wconf 83' lang='lat' dir='ltr'><strong>Quaestiones</strong></span> <span class='ocrx_word' id='word_1_16' title='bbox 1101 507 1340 553; x_wconf 60' lang='lat' dir='ltr'><strong>Homericae</strong></span> <span class='ocrx_word' id='word_1_17' title='bbox 1389 509 1441 560; x_wconf 90' lang='lat' dir='ltr'><strong>(a.</strong></span> <span class='ocrx_word' id='word_1_18' title='bbox 1477 509 1610 559; x_wconf 84' lang='lat'>1842)</span> <span class='ocrx_word' id='word_1_19' title='bbox 1650 507 1728 548; x_wconf 84' lang='lat' dir='ltr'><strong>vol.</strong></span> <span class='ocrx_word' id='word_1_20' title='bbox 1764 507 1798 557; x_wconf 79' lang='grc' dir='ltr'><strong>Ι,</strong></span> 
     </span>
     <span class='ocr_line' id='line_1_6' title="bbox 322 578 1799 690; baseline 0.001 -15"><span class='ocrx_word' id='word_1_21' title='bbox 322 587 391 627; x_wconf 39' lang='lat' dir='ltr'><strong>pg.</strong></span> <span class='ocrx_word' id='word_1_22' title='bbox 426 578 695 688; x_wconf 55' lang='lat' dir='ltr'><strong>Ispi2t72‘ner</strong></span> <span class='ocrx_word' id='word_1_23' title='bbox 739 634 801 674; x_wconf 92' lang='lat' dir='ltr'><strong>De</strong></span> <span class='ocrx_word' id='word_1_24' title='bbox 843 647 969 674; x_wconf 85' lang='lat' dir='ltr'><strong>versu</strong></span> <span class='ocrx_word' id='word_1_25' title='bbox 1016 632 1267 675; x_wconf 81' lang='lat' dir='ltr'><strong>Graecorum</strong></span> <span class='ocrx_word' id='word_1_26' title='bbox 1302 634 1463 674; x_wconf 85' lang='lat' dir='ltr'><strong>heroico</strong></span> <span class='ocrx_word' id='word_1_27' title='bbox 1499 632 1630 689; x_wconf 88' lang='lat' dir='ltr'><strong>(Lips.</strong></span> <span class='ocrx_word' id='word_1_28' title='bbox 1669 632 1799 690; x_wconf 81' lang='lat'>1836)</span> 
     </span>
     <span class='ocr_line' id='line_1_7' title="bbox 322 706 672 755; baseline 0.003 -13"><span class='ocrx_word' id='word_1_29' title='bbox 322 715 392 755; x_wconf 87' lang='lat' dir='ltr'><strong>pg.</strong></span> <span class='ocrx_word' id='word_1_30' title='bbox 429 706 521 743; x_wconf 90' lang='lat'><strong>1—</strong></span> <span class='ocrx_word' id='word_1_31' title='bbox 541 706 605 744; x_wconf 91' lang='lat'><strong>13.</strong></span> <span class='ocrx_word' id='word_1_32' title='bbox 668 710 672 713; x_wconf 86' lang='lat'><em>&#39;</em></span> 
     </span>
    </p>
   </div>
   <div class='ocr_carea' id='block_1_5' title="bbox 297 771 1835 2893">
    <p class='ocr_par' dir='ltr' id='par_1_5' title="bbox 297 771 1835 2481">
     <span class='ocr_line' id='line_1_8' title="bbox 438 771 1835 824; baseline 0 -13"><span class='ocrx_word' id='word_1_33' title='bbox 438 772 685 824; x_wconf 88' lang='lat' dir='ltr'><strong>Populorum</strong></span> <span class='ocrx_word' id='word_1_34' title='bbox 713 772 1151 822; x_wconf 82' lang='lat' dir='ltr'><strong>indogermanieorum,</strong></span> <span class='ocrx_word' id='word_1_35' title='bbox 1182 772 1251 824; x_wconf 88' lang='lat' dir='ltr'><strong>qui</strong></span> <span class='ocrx_word' id='word_1_36' title='bbox 1280 771 1488 820; x_wconf 81' lang='lat' dir='ltr'><strong>dicuntur,</strong></span> <span class='ocrx_word' id='word_1_37' title='bbox 1517 784 1664 811; x_wconf 85' lang='lat' dir='ltr'><strong>versus</strong></span> <span class='ocrx_word' id='word_1_38' title='bbox 1695 772 1797 811; x_wconf 88' lang='lat' dir='ltr'><strong>anti-</strong></span> <span class='ocrx_word' id='word_1_39' title='bbox 1821 773 1835 781; x_wconf 79' lang='grc'><em>“</em></span> 
     </span>
     <span class='ocr_line' id='line_1_9' title="bbox 324 837 1797 894; baseline 0 -14"><span class='ocrx_word' id='word_1_40' title='bbox 324 839 541 894; x_wconf 84' lang='lat' dir='ltr'><strong>quissimos</strong></span> <span class='ocrx_word' id='word_1_41' title='bbox 570 839 776 892; x_wconf 84' lang='lat' dir='ltr'>longiores</span> <span class='ocrx_word' id='word_1_42' title='bbox 807 840 849 880; x_wconf 90' lang='lat' dir='ltr'><strong>in</strong></span> <span class='ocrx_word' id='word_1_43' title='bbox 876 837 994 880; x_wconf 83' lang='lat' dir='ltr'><strong>binas</strong></span> <span class='ocrx_word' id='word_1_44' title='bbox 1023 842 1164 892; x_wconf 87' lang='lat' dir='ltr'><strong>partes</strong></span> <span class='ocrx_word' id='word_1_45' title='bbox 1189 853 1284 880; x_wconf 90' lang='lat' dir='ltr'><strong>esse</strong></span> <span class='ocrx_word' id='word_1_46' title='bbox 1313 840 1540 880; x_wconf 82' lang='lat' dir='ltr'><strong>dissecatus</strong></span> <span class='ocrx_word' id='word_1_47' title='bbox 1560 840 1667 880; x_wconf 82' lang='lat' dir='ltr'><strong>inter</strong></span> <span class='ocrx_word' id='word_1_48' title='bbox 1685 841 1797 881; x_wconf 69' lang='lat' dir='ltr'><strong>viros</strong></span> 
     </span>
     <span class='ocr_line' id='line_1_10' title="bbox 323 906 1796 961; baseline 0.001 -15"><span class='ocrx_word' id='word_1_49' title='bbox 323 908 466 947; x_wconf 83' lang='lat' dir='ltr'><strong>doctos</strong></span> <span class='ocrx_word' id='word_1_50' title='bbox 505 920 610 947; x_wconf 87' lang='lat' dir='ltr'><strong>nune</strong></span> <span class='ocrx_word' id='word_1_51' title='bbox 651 909 823 947; x_wconf 84' lang='lat' dir='ltr'><strong>constat.</strong></span> <span class='ocrx_word' id='word_1_52' title='bbox 883 906 951 947; x_wconf 77' lang='lat' dir='ltr'><strong>sio</strong></span> <span class='ocrx_word' id='word_1_53' title='bbox 982 908 1092 960; x_wconf 88' lang='lat' dir='ltr'><strong>apud</strong></span> <span class='ocrx_word' id='word_1_54' title='bbox 1119 907 1326 947; x_wconf 87' lang='lat' dir='ltr'><strong>Romanos</strong></span> <span class='ocrx_word' id='word_1_55' title='bbox 1365 920 1524 957; x_wconf 85' lang='lat' dir='ltr'><strong>versus,</strong></span> <span class='ocrx_word' id='word_1_56' title='bbox 1555 908 1624 961; x_wconf 93' lang='lat' dir='ltr'><strong>qui</strong></span> <span class='ocrx_word' id='word_1_57' title='bbox 1654 906 1796 947; x_wconf 85' lang='lat' dir='ltr'><strong>Satur-</strong></span> 
     </span>
     <span class='ocr_line' id='line_1_11' title="bbox 321 974 1798 1030; baseline 0 -14"><span class='ocrx_word' id='word_1_58' title='bbox 321 976 415 1017; x_wconf 88' lang='lat' dir='ltr'><strong>nius</strong></span> <span class='ocrx_word' id='word_1_59' title='bbox 444 978 633 1027; x_wconf 84' lang='lat' dir='ltr'><strong>vocatur,</strong></span> <span class='ocrx_word' id='word_1_60' title='bbox 679 976 788 1030; x_wconf 90' lang='lat' dir='ltr'><strong>apud</strong></span> <span class='ocrx_word' id='word_1_61' title='bbox 816 974 1042 1017; x_wconf 84' lang='lat' dir='ltr'><strong>Germanos</strong></span> <span class='ocrx_word' id='word_1_62' title='bbox 1070 990 1230 1026; x_wconf 84' lang='lat' dir='ltr'><strong>versus,</strong></span> <span class='ocrx_word' id='word_1_63' title='bbox 1264 978 1332 1030; x_wconf 89' lang='lat' dir='ltr'><strong>qui</strong></span> <span class='ocrx_word' id='word_1_64' title='bbox 1361 978 1428 1017; x_wconf 87' lang='lat' dir='ltr'><strong>est</strong></span> <span class='ocrx_word' id='word_1_65' title='bbox 1455 977 1497 1016; x_wconf 94' lang='lat' dir='ltr'><strong>in</strong></span> <span class='ocrx_word' id='word_1_66' title='bbox 1527 977 1681 1030; x_wconf 80' lang='lat' dir='ltr'><strong>inclyto</strong></span> <span class='ocrx_word' id='word_1_67' title='bbox 1712 989 1798 1017; x_wconf 87' lang='lat' dir='ltr'><strong>ear-</strong></span> 
     </span>
     <span class='ocr_line' id='line_1_12' title="bbox 321 1043 1797 1099; baseline 0.001 -14"><span class='ocrx_word' id='word_1_68' title='bbox 321 1046 428 1085; x_wconf 87' lang='lat' dir='ltr'><strong>mine</strong></span> <span class='ocrx_word' id='word_1_69' title='bbox 459 1046 574 1099; x_wconf 88' lang='lat' dir='ltr'><strong>epieo</strong></span> <span class='ocrx_word' id='word_1_70' title='bbox 605 1046 656 1085; x_wconf 87' lang='lat' dir='ltr'><strong>de</strong></span> <span class='ocrx_word' id='word_1_71' title='bbox 682 1044 941 1099; x_wconf 83' lang='lat' dir='ltr'><strong>Nibelungis,</strong></span> <span class='ocrx_word' id='word_1_72' title='bbox 970 1045 1080 1099; x_wconf 90' lang='lat' dir='ltr'><strong>apud</strong></span> <span class='ocrx_word' id='word_1_73' title='bbox 1100 1043 1282 1087; x_wconf 82' lang='lat' dir='ltr'><strong>Graecos</strong></span> <span class='ocrx_word' id='word_1_74' title='bbox 1309 1045 1593 1086; x_wconf 84' lang='lat' dir='ltr'><strong>hexametrum</strong></span> <span class='ocrx_word' id='word_1_75' title='bbox 1613 1045 1656 1086; x_wconf 91' lang='lat' dir='ltr'><strong>in</strong></span> <span class='ocrx_word' id='word_1_76' title='bbox 1678 1045 1797 1087; x_wconf 87' lang='lat' dir='ltr'><strong>binas</strong></span> 
     </span>
     <span class='ocr_line' id='line_1_13' title="bbox 319 1113 1797 1169; baseline -0.001 -12"><span class='ocrx_word' id='word_1_77' title='bbox 319 1120 460 1169; x_wconf 81' lang='lat' dir='ltr'><strong>partes</strong></span> <span class='ocrx_word' id='word_1_78' title='bbox 492 1116 627 1157; x_wconf 83' lang='lat' dir='ltr'><strong>di&#39;visa</strong></span> <span class='ocrx_word' id='word_1_79' title='bbox 656 1118 764 1156; x_wconf 86' lang='lat' dir='ltr'><strong>sunt.</strong></span> <span class='ocrx_word' id='word_1_80' title='bbox 823 1115 941 1157; x_wconf 83' lang='lat' dir='ltr'>Unde</span> <span class='ocrx_word' id='word_1_81' title='bbox 969 1116 1234 1168; x_wconf 71' lang='lat' dir='ltr'>intelligitur,</span> <span class='ocrx_word' id='word_1_82' title='bbox 1270 1116 1356 1156; x_wconf 87' lang='lat' dir='ltr'><strong>fere</strong></span> <span class='ocrx_word' id='word_1_83' title='bbox 1386 1116 1519 1156; x_wconf 90' lang='lat' dir='ltr'><strong>omnia</strong></span> <span class='ocrx_word' id='word_1_84' title='bbox 1548 1113 1797 1156; x_wconf 80' lang='lat' dir='ltr'><strong>Graecorum</strong></span> 
     </span>
     <span class='ocr_line' id='line_1_14' title="bbox 319 1184 1796 1239; baseline 0.001 -15"><span class='ocrx_word' id='word_1_85' title='bbox 319 1185 559 1225; x_wconf 84' lang='lat' dir='ltr'><strong>hexametra</strong></span> <span class='ocrx_word' id='word_1_86' title='bbox 586 1184 649 1224; x_wconf 85' lang='lat' dir='ltr'><strong>uti</strong></span> <span class='ocrx_word' id='word_1_87' title='bbox 679 1195 851 1224; x_wconf 83' lang='lat' dir='ltr'><strong>caesura</strong></span> <span class='ocrx_word' id='word_1_88' title='bbox 880 1184 998 1238; x_wconf 90' lang='lat' dir='ltr'><strong>pedis</strong></span> <span class='ocrx_word' id='word_1_89' title='bbox 1028 1184 1140 1225; x_wconf 87' lang='lat' dir='ltr'><strong>tertii</strong></span> <span class='ocrx_word' id='word_1_90' title='bbox 1170 1184 1259 1225; x_wconf 83' lang='lat' dir='ltr'><strong>sive</strong></span> <span class='ocrx_word' id='word_1_91' title='bbox 1286 1184 1574 1239; x_wconf 80' lang='lat' dir='ltr'><strong>semiquinaria</strong></span> <span class='ocrx_word' id='word_1_92' title='bbox 1594 1184 1683 1225; x_wconf 84' lang='lat' dir='ltr'><strong>sive</strong></span> <span class='ocrx_word' id='word_1_93' title='bbox 1702 1186 1796 1238; x_wconf 92' lang='lat' dir='ltr'><strong>post</strong></span> 
     </span>
     <span class='ocr_line' id='line_1_15' title="bbox 319 1253 1795 1311; baseline 0 -17"><span class='ocrx_word' id='word_1_94' title='bbox 319 1255 487 1294; x_wconf 83' lang='lat' dir='ltr'><strong>tertium</strong></span> <span class='ocrx_word' id='word_1_95' title='bbox 505 1254 752 1294; x_wconf 76' lang='lat' dir='ltr'><strong>trochaeum.</strong></span> <span class='ocrx_word' id='word_1_96' title='bbox 779 1253 848 1311; x_wconf 73' lang='lat' dir='ltr'><strong>Ita</strong></span> <span class='ocrx_word' id='word_1_97' title='bbox 863 1267 1058 1294; x_wconf 81' lang='lat' dir='ltr'><strong>versuum</strong></span> <span class='ocrx_word' id='word_1_98' title='bbox 1074 1253 1216 1294; x_wconf 81' lang='lat' dir='ltr'>Iliadis</span> <span class='ocrx_word' id='word_1_99' title='bbox 1239 1256 1379 1294; x_wconf 83' lang='lat'>15694</span> <span class='ocrx_word' id='word_1_100' title='bbox 1399 1256 1560 1294; x_wconf 83' lang='lat' dir='ltr'><strong>tantum</strong></span> <span class='ocrx_word' id='word_1_101' title='bbox 1579 1255 1673 1303; x_wconf 88' lang='lat'><strong>185,</strong></span> <span class='ocrx_word' id='word_1_102' title='bbox 1704 1260 1795 1294; x_wconf 84' lang='lat' dir='ltr'><strong>ver·</strong></span> 
     </span>
     <span class='ocr_line' id='line_1_16' title="bbox 319 1321 1796 1377; baseline 0.001 -14"><span class='ocrx_word' id='word_1_103' title='bbox 319 1335 440 1363; x_wconf 88' lang='lat' dir='ltr'><strong>suum</strong></span> <span class='ocrx_word' id='word_1_104' title='bbox 463 1325 601 1364; x_wconf 83' lang='lat'>12101</span> <span class='ocrx_word' id='word_1_105' title='bbox 629 1322 842 1377; x_wconf 79' lang='lat' dir='ltr'>Odysseae</span> <span class='ocrx_word' id='word_1_106' title='bbox 863 1324 1025 1363; x_wconf 88' lang='lat' dir='ltr'><strong>tantum</strong></span> <span class='ocrx_word' id='word_1_107' title='bbox 1051 1325 1102 1363; x_wconf 95' lang='grc'><strong>71</strong></span> <span class='ocrx_word' id='word_1_108' title='bbox 1125 1323 1189 1373; x_wconf 79' lang='lat' dir='ltr'><strong>(of.</strong></span> <span class='ocrx_word' id='word_1_109' title='bbox 1211 1321 1243 1362; x_wconf 92' lang='grc' dir='ltr'><strong>Ι.</strong></span> <span class='ocrx_word' id='word_1_110' title='bbox 1269 1322 1435 1363; x_wconf 85' lang='lat' dir='ltr'><strong>Bekker</strong></span> <span class='ocrx_word' id='word_1_111' title='bbox 1453 1321 1616 1362; x_wconf 87' lang='lat' dir='ltr'><strong>Homer.</strong></span> <span class='ocrx_word' id='word_1_112' title='bbox 1636 1321 1796 1364; x_wconf 69' lang='lat' dir='ltr'><strong>Blatter</strong></span> 
     </span>
     <span class='ocr_line' id='line_1_17' title="bbox 318 1391 1811 1445; baseline 0.001 -14"><span class='ocrx_word' id='word_1_113' title='bbox 318 1404 388 1444; x_wconf 83' lang='lat' dir='ltr'><strong>pg.</strong></span> <span class='ocrx_word' id='word_1_114' title='bbox 421 1393 522 1444; x_wconf 84' lang='lat'>143)</span> <span class='ocrx_word' id='word_1_115' title='bbox 558 1395 700 1432; x_wconf 81' lang='lat' dir='ltr'><strong>carent</strong></span> <span class='ocrx_word' id='word_1_116' title='bbox 736 1404 907 1433; x_wconf 82' lang='lat' dir='ltr'><strong>caesura</strong></span> <span class='ocrx_word' id='word_1_117' title='bbox 942 1393 1060 1445; x_wconf 88' lang='lat' dir='ltr'><strong>pedis</strong></span> <span class='ocrx_word' id='word_1_118' title='bbox 1089 1393 1223 1442; x_wconf 81' lang='lat' dir='ltr'><strong>tertii,</strong></span> <span class='ocrx_word' id='word_1_119' title='bbox 1267 1392 1309 1432; x_wconf 91' lang='lat' dir='ltr'><strong>id</strong></span> <span class='ocrx_word' id='word_1_120' title='bbox 1338 1394 1404 1432; x_wconf 87' lang='lat' dir='ltr'><strong>est</strong></span> <span class='ocrx_word' id='word_1_121' title='bbox 1431 1393 1473 1432; x_wconf 89' lang='lat' dir='ltr'><strong>in</strong></span> <span class='ocrx_word' id='word_1_122' title='bbox 1501 1391 1631 1432; x_wconf 85' lang='lat' dir='ltr'><strong>Iliade</strong></span> <span class='ocrx_word' id='word_1_123' title='bbox 1660 1396 1682 1432; x_wconf 89' lang='lat'>1</span> <span class='ocrx_word' id='word_1_124' title='bbox 1706 1407 1717 1432; x_wconf 73' lang='grc' dir='ltr'><strong><em>ε</em></strong></span> <span class='ocrx_word' id='word_1_125' title='bbox 1739 1394 1811 1432; x_wconf 63' lang='grc'><strong>84»</strong></span> 
     </span>
     <span class='ocr_line' id='line_1_18' title="bbox 317 1455 1812 1515; baseline 0 -14"><span class='ocrx_word' id='word_1_126' title='bbox 317 1464 360 1502; x_wconf 85' lang='lat' dir='ltr'><strong>et</strong></span> <span class='ocrx_word' id='word_1_127' title='bbox 389 1461 431 1501; x_wconf 93' lang='lat' dir='ltr'><strong>in</strong></span> <span class='ocrx_word' id='word_1_128' title='bbox 451 1460 643 1515; x_wconf 78' lang='lat' dir='ltr'><strong>Odyssea</strong></span> <span class='ocrx_word' id='word_1_129' title='bbox 674 1465 695 1502; x_wconf 95' lang='lat'>1</span> <span class='ocrx_word' id='word_1_130' title='bbox 720 1477 730 1502; x_wconf 71' lang='grc' dir='ltr'><strong><em>ε</em></strong></span> <span class='ocrx_word' id='word_1_131' title='bbox 757 1463 851 1502; x_wconf 90' lang='grc'>170.</span> <span class='ocrx_word' id='word_1_132' title='bbox 880 1461 931 1501; x_wconf 91' lang='lat' dir='ltr'><strong>In</strong></span> <span class='ocrx_word' id='word_1_133' title='bbox 959 1461 1110 1515; x_wconf 88' lang='lat' dir='ltr'><strong>hymno</strong></span> <span class='ocrx_word' id='word_1_134' title='bbox 1135 1463 1275 1502; x_wconf 85' lang='lat' dir='ltr'><strong>nostro</strong></span> <span class='ocrx_word' id='word_1_135' title='bbox 1307 1455 1458 1502; x_wconf 82' lang='lat' dir='ltr'><strong>habent</strong></span> <span class='ocrx_word' id='word_1_136' title='bbox 1489 1473 1629 1501; x_wconf 90' lang='lat' dir='ltr'><strong>omnes</strong></span> <span class='ocrx_word' id='word_1_137' title='bbox 1649 1474 1812 1502; x_wconf 82' lang='lat' dir='ltr'><strong>versus·</strong></span> 
     </span>
     <span class='ocr_line' id='line_1_19' title="bbox 316 1530 1795 1584; baseline 0 -14"><span class='ocrx_word' id='word_1_138' title='bbox 316 1531 434 1583; x_wconf 85' lang='lat' dir='ltr'><strong>pedis</strong></span> <span class='ocrx_word' id='word_1_139' title='bbox 460 1531 573 1570; x_wconf 90' lang='lat' dir='ltr'><strong>tertii</strong></span> <span class='ocrx_word' id='word_1_140' title='bbox 601 1543 813 1571; x_wconf 84' lang='lat' dir='ltr'><strong>caesuram</strong></span> <span class='ocrx_word' id='word_1_141' title='bbox 838 1532 1003 1583; x_wconf 87' lang='lat' dir='ltr'><strong>praeter</strong></span> <span class='ocrx_word' id='word_1_142' title='bbox 1031 1543 1179 1571; x_wconf 87' lang='lat' dir='ltr'><strong>versus</strong></span> <span class='ocrx_word' id='word_1_143' title='bbox 1200 1534 1388 1584; x_wconf 84' lang='lat' dir='ltr'><strong>quartum</strong></span> <span class='ocrx_word' id='word_1_144' title='bbox 1407 1532 1451 1570; x_wconf 88' lang='lat' dir='ltr'><strong>et</strong></span> <span class='ocrx_word' id='word_1_145' title='bbox 1473 1530 1795 1570; x_wconf 83' lang='lat' dir='ltr'><strong>ducentesimum</strong></span> 
     </span>
     <span class='ocr_line' id='line_1_20' title="bbox 317 1600 1794 1654; baseline 0 -14"><span class='ocrx_word' id='word_1_146' title='bbox 317 1600 667 1653; x_wconf 83' lang='lat' dir='ltr'><strong>septuagesimum</strong></span> <span class='ocrx_word' id='word_1_147' title='bbox 705 1602 914 1653; x_wconf 82' lang='lat' dir='ltr'><strong>quartum,</strong></span> <span class='ocrx_word' id='word_1_148' title='bbox 956 1600 998 1640; x_wconf 90' lang='lat' dir='ltr'><strong>id</strong></span> <span class='ocrx_word' id='word_1_149' title='bbox 1025 1602 1091 1640; x_wconf 88' lang='lat' dir='ltr'><strong>est</strong></span> <span class='ocrx_word' id='word_1_150' title='bbox 1122 1603 1142 1640; x_wconf 96' lang='lat'><strong>1</strong></span> <span class='ocrx_word' id='word_1_151' title='bbox 1169 1616 1179 1640; x_wconf 71' lang='grc' dir='ltr'><strong><em>ε</em></strong></span> <span class='ocrx_word' id='word_1_152' title='bbox 1202 1602 1306 1650; x_wconf 88' lang='grc'>146,</span> <span class='ocrx_word' id='word_1_153' title='bbox 1345 1612 1449 1654; x_wconf 89' lang='lat' dir='ltr'><strong>quae</strong></span> <span class='ocrx_word' id='word_1_154' title='bbox 1478 1600 1564 1640; x_wconf 77' lang='lat' dir='ltr'><strong>fere</strong></span> <span class='ocrx_word' id='word_1_155' title='bbox 1593 1600 1698 1640; x_wconf 86' lang='lat' dir='ltr'><strong>ratio</strong></span> <span class='ocrx_word' id='word_1_156' title='bbox 1729 1602 1794 1640; x_wconf 86' lang='lat' dir='ltr'><strong>est</strong></span> 
     </span>
     <span class='ocr_line' id='line_1_21' title="bbox 315 1669 1794 1723; baseline -0.001 -14"><span class='ocrx_word' id='word_1_157' title='bbox 315 1669 540 1722; x_wconf 79' lang='lat' dir='ltr'><strong>Odysseae.</strong></span> <span class='ocrx_word' id='word_1_158' title='bbox 624 1669 681 1709; x_wconf 77' lang='lat' dir='ltr'><strong>Et</strong></span> <span class='ocrx_word' id='word_1_159' title='bbox 730 1669 917 1723; x_wconf 89' lang='lat' dir='ltr'><strong>equidem</strong></span> <span class='ocrx_word' id='word_1_160' title='bbox 955 1672 1074 1722; x_wconf 88' lang='lat' dir='ltr'><strong>puto,</strong></span> <span class='ocrx_word' id='word_1_161' title='bbox 1121 1683 1173 1709; x_wconf 91' lang='lat' dir='ltr'><strong>ne</strong></span> <span class='ocrx_word' id='word_1_162' title='bbox 1215 1682 1383 1709; x_wconf 83' lang='lat' dir='ltr'><strong>versum</strong></span> <span class='ocrx_word' id='word_1_163' title='bbox 1420 1669 1583 1722; x_wconf 89' lang='lat' dir='ltr'><strong>quidem</strong></span> <span class='ocrx_word' id='word_1_164' title='bbox 1620 1669 1794 1709; x_wconf 85' lang='lat' dir='ltr'><strong>alterum</strong></span> 
     </span>
     <span class='ocr_line' id='line_1_22' title="bbox 315 1735 1793 1793; baseline -0.001 -15"><span class='ocrx_word' id='word_1_165' title='bbox 315 1739 370 1789; x_wconf 85' lang='lat' dir='ltr'><strong>(v.</strong></span> <span class='ocrx_word' id='word_1_166' title='bbox 404 1735 507 1793; x_wconf 83' lang='lat'>271)</span> <span class='ocrx_word' id='word_1_167' title='bbox 536 1750 677 1778; x_wconf 85' lang='lat' dir='ltr'><strong>carere</strong></span> <span class='ocrx_word' id='word_1_168' title='bbox 709 1750 881 1779; x_wconf 81' lang='lat' dir='ltr'><strong>caesura</strong></span> <span class='ocrx_word' id='word_1_169' title='bbox 910 1738 1028 1791; x_wconf 90' lang='lat' dir='ltr'><strong>pedis</strong></span> <span class='ocrx_word' id='word_1_170' title='bbox 1049 1738 1172 1788; x_wconf 83' lang='lat' dir='ltr'><strong>tertii,</strong></span> <span class='ocrx_word' id='word_1_171' title='bbox 1205 1738 1240 1778; x_wconf 92' lang='lat' dir='ltr'><strong>si</strong></span> <span class='ocrx_word' id='word_1_172' title='bbox 1271 1738 1478 1792; x_wconf 87' lang='lat' dir='ltr'><strong>sequimur</strong></span> <span class='ocrx_word' id='word_1_173' title='bbox 1496 1737 1529 1777; x_wconf 90' lang='grc' dir='ltr'><strong>Ι.</strong></span> <span class='ocrx_word' id='word_1_174' title='bbox 1548 1737 1793 1788; x_wconf 87' lang='lat' dir='ltr'><strong>Bekkerum,</strong></span> 
     </span>
     <span class='ocr_line' id='line_1_23' title="bbox 315 1807 1792 1861; baseline 0 -15"><span class='ocrx_word' id='word_1_175' title='bbox 315 1807 384 1861; x_wconf 91' lang='lat' dir='ltr'><strong>qui</strong></span> <span class='ocrx_word' id='word_1_176' title='bbox 416 1807 457 1859; x_wconf 92' lang='lat' dir='ltr'><strong>(l.</strong></span> <span class='ocrx_word' id='word_1_177' title='bbox 478 1807 504 1846; x_wconf 90' lang='lat'><strong>1.</strong></span> <span class='ocrx_word' id='word_1_178' title='bbox 535 1820 603 1860; x_wconf 89' lang='lat' dir='ltr'><strong>pg.</strong></span> <span class='ocrx_word' id='word_1_179' title='bbox 628 1807 727 1858; x_wconf 89' lang='grc'>141)</span> <span class='ocrx_word' id='word_1_180' title='bbox 759 1808 837 1848; x_wconf 85' lang='lat' dir='ltr'><strong>ait:</strong></span> <span class='ocrx_word' id='word_1_181' title='bbox 870 1831 936 1857; x_wconf 96' lang='lat'><strong>—,</strong></span> <span class='ocrx_word' id='word_1_182' title='bbox 962 1808 1041 1860; x_wconf 73' lang='lat' dir='ltr'><strong>wie</strong></span> <span class='ocrx_word' id='word_1_183' title='bbox 1068 1808 1176 1847; x_wconf 90' lang='lat' dir='ltr'><strong>denn</strong></span> <span class='ocrx_word' id='word_1_184' title='bbox 1197 1807 1672 1859; x_wconf 83' lang='lat' dir='ltr'><strong>Zusammensetzungen</strong></span> <span class='ocrx_word' id='word_1_185' title='bbox 1698 1807 1792 1846; x_wconf 91' lang='lat' dir='ltr'><strong>dem</strong></span> 
     </span>
     <span class='ocr_line' id='line_1_24' title="bbox 313 1875 1795 1928; baseline -0.001 -12"><span class='ocrx_word' id='word_1_186' title='bbox 313 1876 447 1916; x_wconf 89' lang='lat' dir='ltr'><strong>Verse</strong></span> <span class='ocrx_word' id='word_1_187' title='bbox 472 1876 631 1916; x_wconf 83' lang='lat' dir='ltr'><strong>iiberall</strong></span> <span class='ocrx_word' id='word_1_188' title='bbox 660 1876 774 1916; x_wconf 83' lang='lat' dir='ltr'><strong>nicht</strong></span> <span class='ocrx_word' id='word_1_189' title='bbox 803 1877 868 1916; x_wconf 80' lang='lat' dir='ltr'><strong>fur</strong></span> <span class='ocrx_word' id='word_1_190' title='bbox 896 1876 1269 1917; x_wconf 84' lang='lat' dir='ltr'><strong>festverwaehsene</strong></span> <span class='ocrx_word' id='word_1_191' title='bbox 1299 1875 1519 1917; x_wconf 88' lang='lat' dir='ltr'><strong>Einheiten</strong></span> <span class='ocrx_word' id='word_1_192' title='bbox 1548 1876 1700 1928; x_wconf 85' lang='lat' dir='ltr'><strong>gelten,</strong></span> <span class='ocrx_word' id='word_1_193' title='bbox 1730 1888 1795 1915; x_wconf 89' lang='lat' dir='ltr'><strong>am</strong></span> 
     </span>
     <span class='ocr_line' id='line_1_25' title="bbox 297 1944 1794 2003; baseline -0.001 -18"><span class='ocrx_word' id='word_1_194' title='bbox 297 1945 546 2003; x_wconf 18' lang='lat' dir='ltr'><strong>‘wenigsten</strong></span> <span class='ocrx_word' id='word_1_195' title='bbox 585 1945 726 1986; x_wconf 88' lang='lat' dir='ltr'><strong>Verba</strong></span> <span class='ocrx_word' id='word_1_196' title='bbox 776 1946 849 1985; x_wconf 89' lang='lat' dir='ltr'><strong>mit</strong></span> <span class='ocrx_word' id='word_1_197' title='bbox 903 1947 1172 1997; x_wconf 85' lang='lat' dir='ltr'><strong>angesetzten</strong></span> <span class='ocrx_word' id='word_1_198' title='bbox 1220 1945 1548 1998; x_wconf 71' lang='lat' dir='ltr'><strong>Prapositionen3</strong></span> <span class='ocrx_word' id='word_1_199' title='bbox 1597 1944 1794 1984; x_wconf 86' lang='lat' dir='ltr'><strong>vielmehr</strong></span> 
     </span>
     <span class='ocr_line' id='line_1_26' title="bbox 311 2003 1792 2067; baseline -0.001 -13"><span class='ocrx_word' id='word_1_200' title='bbox 311 2014 415 2054; x_wconf 84' lang='lat' dir='ltr'><strong>wird</strong></span> <span class='ocrx_word' id='word_1_201' title='bbox 442 2014 496 2054; x_wconf 88' lang='lat' dir='ltr'><strong>da</strong></span> <span class='ocrx_word' id='word_1_202' title='bbox 527 2013 594 2054; x_wconf 91' lang='lat' dir='ltr'><strong>die</strong></span> <span class='ocrx_word' id='word_1_203' title='bbox 613 2013 871 2067; x_wconf 70' lang='lat' dir='ltr'><strong>Praposition</strong></span> <span class='ocrx_word' id='word_1_204' title='bbox 900 2014 978 2054; x_wconf 90' lang='lat' dir='ltr'><strong>wie</strong></span> <span class='ocrx_word' id='word_1_205' title='bbox 1012 2014 1078 2054; x_wconf 89' lang='lat' dir='ltr'><strong>ein</strong></span> <span class='ocrx_word' id='word_1_206' title='bbox 1097 2015 1165 2054; x_wconf 82' lang='lat' dir='ltr'><strong>fiir</strong></span> <span class='ocrx_word' id='word_1_207' title='bbox 1185 2014 1273 2055; x_wconf 83' lang='lat' dir='ltr'><strong>sich</strong></span> <span class='ocrx_word' id='word_1_208' title='bbox 1303 2003 1522 2055; x_wconf 87' lang='lat' dir='ltr'><strong>stehendes</strong></span> <span class='ocrx_word' id='word_1_209' title='bbox 1540 2012 1792 2063; x_wconf 85' lang='lat' dir='ltr'><strong>Adverbium</strong></span> 
     </span>
     <span class='ocr_line' id='line_1_27' title="bbox 310 2082 1792 2135; baseline 0.001 -14"><span class='ocrx_word' id='word_1_210' title='bbox 310 2083 555 2123; x_wconf 86' lang='lat' dir='ltr'><strong>behandelt.‘</strong></span> <span class='ocrx_word' id='word_1_211' title='bbox 622 2083 834 2122; x_wconf 76' lang='lat' dir='ltr'><strong>Hactenus</strong></span> <span class='ocrx_word' id='word_1_212' title='bbox 884 2083 964 2122; x_wconf 86' lang='lat' dir='ltr'><strong>ille.</strong></span> <span class='ocrx_word' id='word_1_213' title='bbox 1024 2082 1147 2129; x_wconf 83' lang='lat' dir='ltr'><strong>Quod</strong></span> <span class='ocrx_word' id='word_1_214' title='bbox 1184 2083 1218 2122; x_wconf 92' lang='lat' dir='ltr'><strong>si</strong></span> <span class='ocrx_word' id='word_1_215' title='bbox 1256 2095 1401 2122; x_wconf 87' lang='lat' dir='ltr'><strong>verum</strong></span> <span class='ocrx_word' id='word_1_216' title='bbox 1437 2086 1649 2135; x_wconf 85' lang='lat' dir='ltr'><strong>putamus,</strong></span> <span class='ocrx_word' id='word_1_217' title='bbox 1698 2086 1792 2135; x_wconf 87' lang='lat' dir='ltr'><strong>post</strong></span> 
     </span>
     <span class='ocr_line' id='line_1_28' title="bbox 311 2148 1793 2206; baseline 0 -14"><span class='ocrx_word' id='word_1_218' title='bbox 311 2148 413 2206; x_wconf 79' lang='grc' dir='ltr'><strong><em>περὶ</em></strong></span> <span class='ocrx_word' id='word_1_219' title='bbox 462 2151 804 2205; x_wconf 82' lang='lat' dir='ltr'><strong>praepositionem</strong></span> <span class='ocrx_word' id='word_1_220' title='bbox 855 2164 959 2192; x_wconf 90' lang='lat' dir='ltr'><strong>esse·</strong></span> <span class='ocrx_word' id='word_1_221' title='bbox 1002 2163 1213 2192; x_wconf 80' lang='lat' dir='ltr'><strong>caesuram</strong></span> <span class='ocrx_word' id='word_1_222' title='bbox 1249 2151 1575 2206; x_wconf 88' lang='lat' dir='ltr'><strong>semiquinariam</strong></span> <span class='ocrx_word' id='word_1_223' title='bbox 1610 2152 1793 2192; x_wconf 78' lang='lat' dir='ltr'><strong>statuere</strong></span> 
     </span>
     <span class='ocr_line' id='line_1_29' title="bbox 310 2221 1791 2274; baseline -0.001 -13"><span class='ocrx_word' id='word_1_224' title='bbox 310 2234 540 2274; x_wconf 89' lang='lat' dir='ltr'><strong>possumus.</strong></span> <span class='ocrx_word' id='word_1_225' title='bbox 574 2221 783 2261; x_wconf 86' lang='lat' dir='ltr'><strong>Habemus</strong></span> <span class='ocrx_word' id='word_1_226' title='bbox 811 2222 939 2273; x_wconf 84' lang='lat' dir='ltr'><strong>igitur</strong></span> <span class='ocrx_word' id='word_1_227' title='bbox 964 2234 1112 2261; x_wconf 87' lang='lat' dir='ltr'><strong>versus</strong></span> <span class='ocrx_word' id='word_1_228' title='bbox 1146 2223 1225 2261; x_wconf 87' lang='grc'><strong>147</strong></span> <span class='ocrx_word' id='word_1_229' title='bbox 1249 2221 1457 2273; x_wconf 87' lang='lat' dir='ltr'><strong>praeditos</strong></span> <span class='ocrx_word' id='word_1_230' title='bbox 1479 2233 1649 2260; x_wconf 82' lang='lat' dir='ltr'><strong>caesura</strong></span> <span class='ocrx_word' id='word_1_231' title='bbox 1673 2221 1791 2260; x_wconf 91' lang='lat' dir='ltr'><strong>semi-</strong></span> 
     </span>
     <span class='ocr_line' id='line_1_30' title="bbox 310 2284 1791 2344; baseline 0 -14"><span class='ocrx_word' id='word_1_232' title='bbox 310 2290 496 2344; x_wconf 84' lang='lat' dir='ltr'><strong>quinaria</strong></span> <span class='ocrx_word' id='word_1_233' title='bbox 532 2289 591 2341; x_wconf 92' lang='lat' dir='ltr'><strong>(in</strong></span> <span class='ocrx_word' id='word_1_234' title='bbox 619 2290 766 2344; x_wconf 90' lang='lat' dir='ltr'><strong>quibus</strong></span> <span class='ocrx_word' id='word_1_235' title='bbox 797 2290 1005 2330; x_wconf 86' lang='lat' dir='ltr'><strong>dividendi</strong></span> <span class='ocrx_word' id='word_1_236' title='bbox 1032 2284 1179 2330; x_wconf 78' lang='lat' dir='ltr'><strong>versus</strong></span> <span class='ocrx_word' id='word_1_237' title='bbox 1210 2290 1314 2330; x_wconf 90' lang='lat' dir='ltr'><strong>ratio</strong></span> <span class='ocrx_word' id='word_1_238' title='bbox 1345 2293 1410 2330; x_wconf 86' lang='lat' dir='ltr'><strong>est</strong></span> <span class='ocrx_word' id='word_1_239' title='bbox 1442 2288 1520 2344; x_wconf 63' lang='grc' dir='ltr'><strong>21],Β</strong></span> <span class='ocrx_word' id='word_1_240' title='bbox 1556 2295 1599 2343; x_wconf 48' lang='grc' dir='ltr'><strong>ῥΙ-</strong></span> <span class='ocrx_word' id='word_1_241' title='bbox 1629 2287 1731 2344; x_wconf 68' lang='lat' dir='ltr'><em>3¹l2)</em></span> <span class='ocrx_word' id='word_1_242' title='bbox 1748 2292 1791 2330; x_wconf 88' lang='lat' dir='ltr'><strong>et</strong></span> 
     </span>
     <span class='ocr_line' id='line_1_31' title="bbox 307 2358 1792 2412; baseline 0 -14"><span class='ocrx_word' id='word_1_243' title='bbox 307 2371 455 2398; x_wconf 81' lang='lat' dir='ltr'><strong>versus</strong></span> <span class='ocrx_word' id='word_1_244' title='bbox 498 2361 578 2400; x_wconf 87' lang='lat'><strong>145</strong></span> <span class='ocrx_word' id='word_1_245' title='bbox 620 2359 843 2400; x_wconf 80' lang='lat' dir='ltr'><strong>instructos</strong></span> <span class='ocrx_word' id='word_1_246' title='bbox 882 2371 1054 2399; x_wconf 84' lang='lat' dir='ltr'><strong>caesura</strong></span> <span class='ocrx_word' id='word_1_247' title='bbox 1094 2359 1210 2412; x_wconf 87' lang='lat' dir='ltr'><strong>pedis</strong></span> <span class='ocrx_word' id='word_1_248' title='bbox 1240 2359 1352 2399; x_wconf 84' lang='lat' dir='ltr'><strong>tertii</strong></span> <span class='ocrx_word' id='word_1_249' title='bbox 1383 2358 1589 2399; x_wconf 84' lang='lat' dir='ltr'><strong>trochaica</strong></span> <span class='ocrx_word' id='word_1_250' title='bbox 1617 2359 1701 2410; x_wconf 89' lang='lat' dir='ltr'><strong>(ubi</strong></span> <span class='ocrx_word' id='word_1_251' title='bbox 1726 2361 1792 2399; x_wconf 88' lang='lat' dir='ltr'><strong>est</strong></span> 
     </span>
     <span class='ocr_line' id='line_1_32' title="bbox 306 2426 1784 2481; baseline 0.001 -15"><span class='ocrx_word' id='word_1_252' title='bbox 306 2428 411 2467; x_wconf 85' lang='lat' dir='ltr'><strong>ratio</strong></span> <span class='ocrx_word' id='word_1_253' title='bbox 438 2426 518 2481; x_wconf 68' lang='lat'><strong>2²³]⁴</strong></span> <span class='ocrx_word' id='word_1_254' title='bbox 543 2432 586 2476; x_wconf 71' lang='grc'><strong>-1-</strong></span> <span class='ocrx_word' id='word_1_255' title='bbox 609 2427 711 2481; x_wconf 72' lang='lat' dir='ltr'>3¹l4)</span> <span class='ocrx_word' id='word_1_256' title='bbox 733 2450 786 2457; x_wconf 93' lang='lat'><em>-</em></span> <span class='ocrx_word' id='word_1_257' title='bbox 809 2428 851 2467; x_wconf 90' lang='lat' dir='ltr'><strong>id</strong></span> <span class='ocrx_word' id='word_1_258' title='bbox 870 2430 936 2467; x_wconf 83' lang='lat' dir='ltr'><strong>est</strong></span> <span class='ocrx_word' id='word_1_259' title='bbox 956 2428 1169 2481; x_wconf 89' lang='lat' dir='ltr'><strong>utriusque</strong></span> <span class='ocrx_word' id='word_1_260' title='bbox 1190 2427 1355 2479; x_wconf 86' lang='lat' dir='ltr'><strong>generis</strong></span> <span class='ocrx_word' id='word_1_261' title='bbox 1376 2427 1546 2469; x_wconf 80' lang='lat' dir='ltr'><strong>totidem</strong></span> <span class='ocrx_word' id='word_1_262' title='bbox 1559 2439 1717 2467; x_wconf 85' lang='lat' dir='ltr'><strong>versus.</strong></span> <span class='ocrx_word' id='word_1_263' title='bbox 1738 2450 1784 2456; x_wconf 91' lang='lat'>—</span> 
     </span>
    </p>

    <p class='ocr_par' dir='ltr' id='par_1_6' title="bbox 305 2488 1789 2893">
     <span class='ocr_line' id='line_1_33' title="bbox 427 2488 1789 2549; baseline -0.001 -13"><span class='ocrx_word' id='word_1_264' title='bbox 427 2497 609 2537; x_wconf 83' lang='lat' dir='ltr'><strong>ansura</strong></span> <span class='ocrx_word' id='word_1_265' title='bbox 648 2509 674 2549; x_wconf 92' lang='lat' dir='ltr'><strong>p</strong></span> <span class='ocrx_word' id='word_1_266' title='bbox 687 2498 771 2536; x_wconf 87' lang='lat' dir='ltr'><strong>ost</strong></span> <span class='ocrx_word' id='word_1_267' title='bbox 810 2496 956 2549; x_wconf 89' lang='lat' dir='ltr'><strong>pedem</strong></span> <span class='ocrx_word' id='word_1_268' title='bbox 993 2495 1161 2536; x_wconf 84' lang='lat' dir='ltr'><strong>tertium</strong></span> <span class='ocrx_word' id='word_1_269' title='bbox 1198 2488 1375 2544; x_wconf 83' lang='lat' dir='ltr'><strong>vitatur,</strong></span> <span class='ocrx_word' id='word_1_270' title='bbox 1418 2508 1470 2534; x_wconf 90' lang='lat' dir='ltr'><strong>ne</strong></span> <span class='ocrx_word' id='word_1_271' title='bbox 1508 2495 1612 2535; x_wconf 86' lang='lat' dir='ltr'><strong>duae</strong></span> <span class='ocrx_word' id='word_1_272' title='bbox 1642 2508 1789 2535; x_wconf 88' lang='lat' dir='ltr'><strong>versus</strong></span> 
     </span>
     <span class='ocr_line' id='line_1_34' title="bbox 306 2563 1788 2617; baseline -0.001 -13"><span class='ocrx_word' id='word_1_273' title='bbox 306 2566 449 2617; x_wconf 90' lang='lat' dir='ltr'><strong>partes</strong></span> <span class='ocrx_word' id='word_1_274' title='bbox 477 2577 597 2617; x_wconf 88' lang='lat' dir='ltr'><strong>pares</strong></span> <span class='ocrx_word' id='word_1_275' title='bbox 627 2565 821 2605; x_wconf 85' lang='lat' dir='ltr'><strong>oriantur.</strong></span> <span class='ocrx_word' id='word_1_276' title='bbox 877 2564 940 2604; x_wconf 86' lang='lat' dir='ltr'><strong>Ae</strong></span> <span class='ocrx_word' id='word_1_277' title='bbox 971 2564 1006 2604; x_wconf 90' lang='lat' dir='ltr'><strong>si</strong></span> <span class='ocrx_word' id='word_1_278' title='bbox 1036 2564 1235 2603; x_wconf 89' lang='lat' dir='ltr'><strong>eiusmodi</strong></span> <span class='ocrx_word' id='word_1_279' title='bbox 1266 2575 1479 2604; x_wconf 83' lang='lat' dir='ltr'><strong>caesuram</strong></span> <span class='ocrx_word' id='word_1_280' title='bbox 1508 2563 1638 2616; x_wconf 84' lang='lat' dir='ltr'><strong>legis,</strong></span> <span class='ocrx_word' id='word_1_281' title='bbox 1687 2564 1788 2603; x_wconf 83' lang='lat' dir='ltr'><strong>divi-</strong></span> 
     </span>
     <span class='ocr_line' id='line_1_35' title="bbox 306 2632 1788 2686; baseline -0.001 -13"><span class='ocrx_word' id='word_1_282' title='bbox 306 2633 466 2674; x_wconf 92' lang='lat' dir='ltr'><strong>dendus</strong></span> <span class='ocrx_word' id='word_1_283' title='bbox 507 2633 583 2674; x_wconf 88' lang='lat' dir='ltr'><strong>tibi</strong></span> <span class='ocrx_word' id='word_1_284' title='bbox 621 2637 686 2675; x_wconf 87' lang='lat' dir='ltr'><strong>est</strong></span> <span class='ocrx_word' id='word_1_285' title='bbox 720 2646 868 2674; x_wconf 86' lang='lat' dir='ltr'><strong>versus</strong></span> <span class='ocrx_word' id='word_1_286' title='bbox 903 2646 983 2673; x_wconf 89' lang='lat' dir='ltr'><strong>non</strong></span> <span class='ocrx_word' id='word_1_287' title='bbox 1021 2633 1097 2673; x_wconf 84' lang='lat' dir='ltr'><strong>hoc</strong></span> <span class='ocrx_word' id='word_1_288' title='bbox 1140 2633 1229 2686; x_wconf 89' lang='lat' dir='ltr'><strong>ipso</strong></span> <span class='ocrx_word' id='word_1_289' title='bbox 1258 2633 1358 2683; x_wconf 88' lang='lat' dir='ltr'><strong>loeo,</strong></span> <span class='ocrx_word' id='word_1_290' title='bbox 1385 2633 1459 2677; x_wconf 87' lang='lat' dir='ltr'><strong>sed</strong></span> <span class='ocrx_word' id='word_1_291' title='bbox 1492 2632 1570 2674; x_wconf 87' lang='lat' dir='ltr'><strong>alio</strong></span> <span class='ocrx_word' id='word_1_292' title='bbox 1601 2633 1788 2686; x_wconf 87' lang='lat' dir='ltr'><strong>quodam,</strong></span> 
     </span>
     <span class='ocr_line' id='line_1_36' title="bbox 306 2701 1789 2756; baseline -0.002 -13"><span class='ocrx_word' id='word_1_293' title='bbox 306 2703 496 2756; x_wconf 90' lang='lat' dir='ltr'><strong>quoniam</strong></span> <span class='ocrx_word' id='word_1_294' title='bbox 527 2703 637 2755; x_wconf 89' lang='lat' dir='ltr'><strong>apud</strong></span> <span class='ocrx_word' id='word_1_295' title='bbox 664 2701 846 2743; x_wconf 81' lang='lat' dir='ltr'><strong>Graecos</strong></span> <span class='ocrx_word' id='word_1_296' title='bbox 877 2702 1011 2742; x_wconf 86' lang='lat' dir='ltr'><strong>altera</strong></span> <span class='ocrx_word' id='word_1_297' title='bbox 1040 2714 1201 2754; x_wconf 90' lang='lat' dir='ltr'><strong>semper</strong></span> <span class='ocrx_word' id='word_1_298' title='bbox 1237 2702 1291 2741; x_wconf 87' lang='lat' dir='ltr'><strong>sit</strong></span> <span class='ocrx_word' id='word_1_299' title='bbox 1317 2714 1487 2741; x_wconf 85' lang='lat' dir='ltr'><strong>caesura</strong></span> <span class='ocrx_word' id='word_1_300' title='bbox 1517 2713 1685 2741; x_wconf 86' lang='lat' dir='ltr'><strong>necesse</strong></span> <span class='ocrx_word' id='word_1_301' title='bbox 1700 2702 1789 2750; x_wconf 81' lang='lat' dir='ltr'><strong>est;</strong></span> 
     </span>
     <span class='ocr_line' id='line_1_37' title="bbox 307 2770 1789 2824; baseline -0.001 -13"><span class='ocrx_word' id='word_1_302' title='bbox 307 2772 366 2812; x_wconf 88' lang='lat' dir='ltr'><strong>sie</strong></span> <span class='ocrx_word' id='word_1_303' title='bbox 393 2772 504 2824; x_wconf 87' lang='lat' dir='ltr'><strong>apud</strong></span> <span class='ocrx_word' id='word_1_304' title='bbox 524 2770 746 2811; x_wconf 90' lang='lat' dir='ltr'><strong>Homerum</strong></span> <span class='ocrx_word' id='word_1_305' title='bbox 775 2771 954 2823; x_wconf 87' lang='lat' dir='ltr'><strong>exempli</strong></span> <span class='ocrx_word' id='word_1_306' title='bbox 984 2771 1120 2822; x_wconf 85' lang='lat' dir='ltr'><strong>gratia</strong></span> <span class='ocrx_word' id='word_1_307' title='bbox 1150 2771 1191 2810; x_wconf 91' lang='lat' dir='ltr'><strong>in</strong></span> <span class='ocrx_word' id='word_1_308' title='bbox 1220 2770 1336 2810; x_wconf 87' lang='lat' dir='ltr'><strong>Iliad.</strong></span> <span class='ocrx_word' id='word_1_309' title='bbox 1366 2783 1446 2823; x_wconf 79' lang='grc' dir='ltr'><strong>γ,ν.</strong></span> <span class='ocrx_word' id='word_1_310' title='bbox 1481 2772 1562 2812; x_wconf 86' lang='grc'><strong>185</strong></span> <span class='ocrx_word' id='word_1_311' title='bbox 1593 2782 1675 2809; x_wconf 88' lang='lat' dir='ltr'><strong>non</strong></span> <span class='ocrx_word' id='word_1_312' title='bbox 1694 2772 1789 2822; x_wconf 87' lang='lat' dir='ltr'><strong>post</strong></span> 
     </span>
     <span class='ocr_line' id='line_1_38' title="bbox 305 2836 1787 2893; baseline -0.001 -13"><span class='ocrx_word' id='word_1_313' title='bbox 305 2840 452 2893; x_wconf 88' lang='lat' dir='ltr'><strong>pedem</strong></span> <span class='ocrx_word' id='word_1_314' title='bbox 491 2839 659 2881; x_wconf 86' lang='lat' dir='ltr'><strong>tertium</strong></span> <span class='ocrx_word' id='word_1_315' title='bbox 687 2853 859 2881; x_wconf 80' lang='lat' dir='ltr'><strong>caesura</strong></span> <span class='ocrx_word' id='word_1_316' title='bbox 889 2842 966 2891; x_wconf 86' lang='lat' dir='ltr'><strong>est,</strong></span> <span class='ocrx_word' id='word_1_317' title='bbox 999 2839 1073 2879; x_wconf 85' lang='lat' dir='ltr'><strong>sed</strong></span> <span class='ocrx_word' id='word_1_318' title='bbox 1103 2839 1402 2893; x_wconf 86' lang='lat' dir='ltr'><strong>semiquinaria.</strong></span> <span class='ocrx_word' id='word_1_319' title='bbox 1459 2837 1583 2891; x_wconf 89' lang='lat' dir='ltr'><strong>Apud</strong></span> <span class='ocrx_word' id='word_1_320' title='bbox 1610 2836 1787 2879; x_wconf 86' lang='lat' dir='ltr'><strong>Ennium</strong></span> 
     </span>
    </p>
   </div>
  </div>
 </body>
</html>
