1981 3160
1622 0 1642 46 ἱ

947 110 1399 148 ..15-.

356 233 399 273 in
432 231 549 273 Iliad.
588 225 753 285 rhapso.
792 245 814 272 ε
857 234 1068 286 computat
1106 246 1159 272 ex
1196 232 1385 273 versibus
1429 234 1512 274 909
1552 245 1620 274 vv.
1647 234 1752 283 561,
1783 234 1835 274 tin

354 301 544 354 rhapsod.
573 298 600 341 λ
629 314 652 341 e
679 315 748 342 vv.
777 303 862 343 848
877 315 944 342 vv.
967 302 1063 352 575,
1093 301 1135 341 in
1149 300 1364 361 Odysseae
1378 301 1732 356 rhapsodaevv.
1747 304 1833 342 444

353 383 420 410 vv.
453 372 549 420 247,
590 371 661 424 qui
694 371 772 412 hac
809 383 979 411 caesura
1015 372 1197 410 utuntur.
1255 369 1306 410 In
1333 370 1483 424 hymno
1512 377 1652 412 nostro
1682 371 1834 411 habent

353 450 408 477 ex
436 451 503 478 vv.
535 442 619 481 293
647 453 716 480 vy.
747 441 828 481 165
844 440 957 485 hanc
978 450 1199 488 caesuram,
1231 439 1281 478 de
1303 450 1384 493 qua
1404 440 1577 492 agimus,
1596 439 1833 481 bucolicam.

354 508 434 548 Est
470 509 599 561 igitur
636 510 678 548 in
707 509 856 562 hymno
885 509 970 548 sere
999 507 1143 547 eadem
1171 507 1275 547 ratio
1305 510 1427 561 atque
1452 508 1494 547 in
1524 509 1639 549 libris
1667 507 1835 548 Homeri

353 576 545 618 laudatis.
614 576 675 618 Ac
720 589 939 618 caesuram·
978 576 1202 617 bucolicam
1249 576 1290 616 in
1329 577 1542 618 homericis
1589 577 1834 618 carminibus

353 645 438 685 late
468 647 615 698 vagari
653 646 807 699 primus
838 645 872 685 I.
902 644 1118 685 Bekkerus
1148 645 1329 685 ostendit
1357 645 1399 685 in
1429 645 1532 686 libro
1562 646 1727 700 saepius
1746 645 1833 686 lau-

354 715 463 755 dato.
538 714 675 768 Atque
719 717 813 764 ante
852 727 943 754 eam
982 728 1057 767 pes
1098 716 1269 768 quartus
1308 715 1545 767 saepissime
1584 717 1748 755 constat
1781 728 1835 755 ex

354 784 538 836 dactylo,
572 795 664 823 raro
706 796 759 823 ex
781 784 976 836 'spondeo
1016 806 1072 812 -—-
1100 783 1159 823 sic
1188 783 1230 822 in
1259 782 1375 822 Iliad.
1406 784 1541 836 rhaps.
1571 796 1592 823 ε
1622 786 1719 823 sunt
1749 776 1833 823 470

356 852 510 905 dactyli
550 854 592 891 et
622 855 673 892 61
706 852 887 905 spondei,
912 852 954 891 in
985 852 1119 904 rhaps.
1149 849 1174 891 λ
1202 854 1286 892 478
1317 852 1470 905 dactyli
1498 853 1540 891 et
1569 855 1621 892 97
1654 851 1835 904 spondei,

354 920 396 960 in
424 920 638 974 Odysseae
668 921 804 973 rhaps.
835 934 863 960 α
895 923 977 961 213
1007 920 1161 973 dactyli
1192 922 1235 960 et
1264 922 1319 960 54
1341 921 1521 973 spondei,
1553 923 1675 974 atque
1692 921 1835 960 eadem

353 989 438 1029 fere
475 990 579 1029 ratio
610 992 676 1029 est
705 989 748 1029 in
778 990 928 1042 hymno
959 991 1112 1038 nostro,
1144 989 1184 1029 in
1216 1002 1295 1043 quo
1324 990 1405 1029 156
1432 989 1587 1043 dactyli
1616 991 1659 1030 et
1689 1001 1835 1029 novem

355 1059 524 1111 spondei
552 1060 659 1099 sunt.
699 1058 962 1099 Potissimum
990 1071 1089 1098 vero
1107 1057 1311 1098 Homerus
1342 1059 1418 1099 hac
1448 1071 1617 1099 caesura
1635 1072 1736 1099 usus
1759 1062 1834 1109 est,

352 1130 399 1167 ut
442 1128 692 1168 enarrationi
721 1140 871 1167 novam
899 1128 1103 1181 quandam
1134 1140 1219 1168 rem
1250 1127 1518 1180 subiungeret
1547 1128 1615 1168 vel
1641 1140 1728 1168 rem
1755 1128 1835 1167 iam

353 1196 600 1250 descriptam
634 1196 815 1249 epitheto
856 1199 1085 1236 exornaret.
1152 1196 1256 1236 Inde
1291 1197 1443 1237 factum
1478 1183 1561 1246 est,
1606 1201 1653 1236 ut
1680 1197 1835 1236 multae

353 1265 552 1306 formulae
582 1266 723 1318 epicae
753 1266 806 1305 ad
833 1265 934 1305 finis'
950 1278 1098 1305 versus
1119 1265 1285 1318 regulas
1307 1266 1504 1305 formatae
1525 1277 1695 1305 caesura
1714 1266 1834 1305 buco-

351 1333 431 1374 lica
481 1334 661 1374 admissa
702 1333 846 1373 finiant
893 1347 1060 1373 versum
1098 1357 1150 1362 —
1192 1334 1337 1373 harum
1373 1333 1637 1381 formularum
1663 1333 1835 1373 homeri-

354 1414 494 1442 carum
540 1402 729 1456 exempla
770 1402 892 1443 offero
933 1403 1080 1443 haece:
1132 1400 1234 1451 δῖος
1266 1396 1509 1452 Ὀδυσσεὺς,
1546 1399 1730 1456 Νέστορι
1757 1397 1837 1457 δίφ

350 1469 526 1512 ἵπποι-α
557 1469 748 1526 Νέστωρ,
770 1467 950 1527 μητίετα
966 1468 1086 1523 Ζεὺς,
1114 1467 1238 1525 ἔργον
1251 1466 1405 1525 Ἄρηος
1421 1474 1462 1510 et
1479 1471 1575 1510 sunt
1593 1470 1722 1510 multa
1739 1470 1834 1511 alia.

352 1539 402 1580 In
423 1540 575 1593 hymno
593 1542 733 1580 nostro
755 1540 954 1580 eiusmodi
973 1539 1169 1580 formulas
1190 1540 1358 1580 exstare
1378 1541 1477 1591 puto
1499 1539 1540 1578 in
1561 1542 1614 1579 71
1632 1539 1832 1589 versibus,

354 1610 424 1662 qui
456 1611 583 1649 sunt:
612 1611 648 1649 5.
681 1612 745 1649 11.
776 1611 840 1648 13.
873 1611 937 1648 14.
971 1611 1036 1648 15.
1059 1611 1125 1648 21.
1149 1610 1214 1648 22.
1237 1610 1303 1647 23.
1326 1610 1392 1647 27.
1415 1610 1480 1648 28.
1503 1610 1569 1647 36.
1591 1609 1658 1647 42.
1680 1610 1745 1647 43.
1764 1609 1832 1647 44.

355 1679 424 1719 45.
465 1680 533 1718 46.
569 1678 634 1718 53.
679 1680 745 1718 62.
787 1678 852 1717 64.
896 1679 962 1718 68.
993 1680 1059 1718 72.
1093 1678 1158 1716 76.
1184 1679 1251 1717 79.
1283 1677 1348 1716 85.
1378 1678 1443 1717 89.
1476 1678 1541 1716 90.
1571 1680 1636 1717 91.
1670 1678 1736 1716 97.
1766 1679 1832 1717 99.

355 1747 1832 1787 101.102.105.106.11Ο.111.117.119.121.127.129.130.

355 1818 449 1856 140.
483 1819 578 1856 141.
612 1818 706 1856 143.
741 1816 835 1856 145.
870 1817 962 1855 146.
995 1817 1089 1855 148.
1123 1816 1218 1855 151.
1249 1816 1343 1854 154.
1378 1816 1470 1854 160.
1504 1815 1713 1855 165.167.
1737 1817 1832 1856 170.

323 1940 328 1941 ⁷
356 1888 451 1926 171.
484 1887 578 1926 176.
612 1886 706 1924 181.
738 1887 832 1925 187.
864 1886 958 1924 202.
989 1885 1084 1923 208.
1115 1886 1209 1923 209.
1241 1885 1337 1924 213.
1369 1885 1464 1922 214.
1498 1886 1593 1924 221.
1622 1886 1717 1924 223.
1737 1887 1832 1924 224.

355 1956 450 1994 230.
492 1955 587 1994 250.
631 1955 725 1994 280.
769 1955 866 1993 289.
925 1951 987 1992 Ac
1025 1964 1269 2004 persuasum
1304 1952 1457 2002 habeo,
1485 1952 1570 1992 fore
1600 1955 1645 1992 ut
1677 1952 1712 1992 si
1741 1953 1832 2005 quis

352 2022 584 2062 accuratius
614 2022 719 2062 hanc
749 2032 945 2061 caesurae
972 2021 1179 2061 bucolicae
1210 2021 1294 2059 vim
1320 2020 1361 2060 in
1391 2019 1559 2060 Homeri
1589 2020 1832 2061 carminibus

354 2091 625 2130 exercitatam
654 2089 1022 2138 animadvertisset,
1051 2089 1190 2141 plures
1221 2088 1331 2128 illius
1355 2088 1543 2128 dictionis
1563 2083 1834 2141 proprietates

352 2160 691 2212 explanarentur,
734 2170 907 2212 quarum
956 2170 1037 2197 non
1074 2169 1227 2210 paucas
1267 2157 1309 2197 in
1348 2159 1589 2198 transcursu
1628 2159 1833 2211 tamquam

351 2228 568 2269 Bekkerus
600 2228 642 2279 (l.
667 2227 693 2268 l.
721 2240 790 2280 pg.
817 2226 1079 2277 144—147)
1107 2227 1186 2267 iam
1202 2226 1435 2279 explicavit.
1474 2225 1524 2267 Id
1540 2240 1665 2267 unum
1683 2227 1832 2267 addere

350 2297 493 2347 velim,
529 2296 657 2337 verba
695 2296 884 2348 longiora
918 2296 1059 2336 versui
1106 2295 1345 2349 saepissime
1376 2296 1451 2336 sub
1475 2308 1525 2336 ea
1550 2298 1710 2337 tantum
1739 2309 1832 2337 con-

352 2367 506 2406 ditione
536 2378 658 2418 posse
685 2365 823 2414 inseri,
855 2365 891 2404 si
919 2378 1067 2405 versus
1098 2367 1240 2404 utatur
1259 2377 1431 2404 caesura
1451 2365 1632 2404 bucolica
1650 2388 1706 2394 —-
1724 2365 1831 2418 ejus-

351 2435 462 2475 modi
501 2434 688 2487 exempla
708 2476 710 2478 ,
729 2436 825 2474 sunt
854 2433 896 2473 in
924 2433 1073 2486 hymno
1104 2440 1243 2473 nostro
1275 2446 1341 2472 vv.
1375 2436 1441 2473 22.
1473 2435 1537 2473 23.
1571 2436 1637 2474 27.
1668 2435 1734 2474 36.
1765 2436 1831 2474 38.

353 2507 421 2545 42.
464 2505 530 2544 51.
568 2505 633 2544 85.
675 2506 740 2544 98.
784 2503 879 2542 105.
920 2504 1015 2542 119.
1056 2505 1151 2542 12Ο.
1190 2505 1284 2543 137.
1330 2504 1424 2542 164.
1464 2502 1558 2542 165.
1598 2505 1692 2543 169.
1736 2505 1830 2543 187.

354 2575 448 2615 190.
489 2574 584 2613 197.
630 2573 724 2612 205.
766 2572 862 2612 215.
907 2573 1001 2611 219.
1041 2573 1136 2611 226.
1175 2572 1270 2611 243.
1315 2573 1410 2611 244.
1453 2572 1548 2611 252.
1593 2572 1688 2612 256.
1737 2573 1832 2611 264.
1915 2608 1921 2611 ..

354 2644 450 2682 265.
492 2643 587 2681 280.
627 2643 724 2681 291.
782 2639 833 2679 In
873 2639 1051 2679 Homero
1089 2642 1257 2680 exstant
1293 2639 1601 2679 innumerabilia
1634 2639 1834 2679 eiusmodi

352 2711 561 2764 exempla,
608 2709 739 2750 veluti
784 2708 902 2749 Iliad.
947 2723 981 2758 ν,
1016 2723 1055 2749 v.
1089 2711 1183 2750 266.
1227 2710 1321 2750 267.
1369 2710 1463 2759 268,
1503 2708 1545 2748 in
1588 2722 1689 2762 quos
1727 2704 1863 2749 forte'

353 2781 493 2821 oculos
521 2779 684 2820 conieci.
