1981 3110
253 2434 262 2444 ,
325 2393 496 2447 eiusque
523 2394 607 2434 vim
641 2394 882 2448 procreandi
916 2394 985 2435 vel
1015 2394 1191 2436 calorem
1223 2394 1341 2445 solis,
1383 2393 1452 2449 qui
1478 2393 1584 2434 hanc
1611 2393 1695 2436 vim
1721 2405 1811 2440 ex·

336 332 455 388 quem
485 334 607 377 attuli
635 359 693 365 —
723 334 841 376 Iliad.
866 349 901 386 v,
943 337 1095 385 237—,
1136 335 1240 374 bene
1267 336 1483 387 perspecto
1498 335 1551 375 ‘et
1579 345 1690 385 oum3¹
1700 327 1704 330 ’
1749 321 1754 328 ’

331 402 416 444 illic
434 405 625 444 enarrata
638 404 777 445 fabula
797 405 1008 445 coniuncto
1037 403 1156 445 facile
1184 403 1282 444 mihi
1301 403 1473 457 quisque
1497 391 1699 458 concede&

332 472 544 512 occasione
575 473 711 513 oblata
746 473 891 513 mirum
929 486 1036 523 esse,
1082 485 1154 512 cur
1183 471 1348 511 Aeneas
1386 472 1516 513 multa
1554 473 1605 513 de
1622 526 1625 529 y
1643 461 1762 524 genef

333 553 407 581 suo
437 553 611 582 narrans
641 543 820 583 fabulam
848 542 962 582 illam
989 541 1281 594 lepidissimam
1309 541 1493 590 tacuerit.
1550 541 1795 588 Persuasum

330 609 460 661 igitur
484 610 583 651 mihi
604 611 679 661 est,
709 610 874 650 Homeri
901 612 1083 663 tempore
1101 609 1285 651 fabulam
1303 608 1411 649 inter
1429 607 1609 651 Graecos
1636 621 1718 650 non
1735 609 1751 650 i
1787 658 1796 663 Δ,

329 678 622 731 pervulgatam
635 679 774 729 fuisse,
799 679 1040 732 praesertim
1054 692 1178 733 quum
1191 678 1323 718 animo
1338 681 1513 728 teneres,
1528 678 1638 731 apud
1649 677 1794 723 Hesio-

329 746 427 787 dum
466 746 629 788 Tithoni
668 761 814 788 nomen
844 748 970 788 semel
999 750 1158 788 tantum
1186 747 1228 787 in
1266 747 1485 799 theogonia
1501 746 1519 771 ¹
1557 760 1650 787 esse
1677 736 1823 813 (ἐφῇ-κ’

329 818 606 857 memoratum
666 816 806 863 Quare
830 830 883 856 ex
911 816 1174 869 mythologie,
1204 828 1326 869 quam
1352 816 1503 866 dicunt,
1533 815 1637 857 alius
1662 816 1795 867 ouius·
1823 841 1891 875 :1

330 884 424 925 dam
461 885 601 938 populi
638 885 750 925 illam
788 885 968 925 fabulam
996 897 1186 925 manasse
1222 885 1304 924 non
1334 884 1526 925 audacter
1551 883 1795 942 contendere
1868 867 1891 901 ’ξ’
1915 901 1953 938 ,7⁹

329 953 481 994 videor.
513 953 707 994 Fortasse
717 954 793 994 hoc
807 954 908 1007 ipso,
923 954 974 994 de
984 967 1063 1007 quo
1080 954 1252 1006 agimus,
1268 954 1417 1006 hymno
1429 953 1566 994 fabula
1580 952 1819 1011 ἰΠαΙοΡίῥα.

329 1022 545 1074 divulgata
559 1026 624 1063 est
638 1036 685 1063 ac
698 1021 947 1063 Graecorum
962 1023 1118 1063 animos
1135 1023 1358 1076 occupavit,
1374 1023 1432 1062 ita
1446 1024 1493 1062 ut
1506 1010 1895 1078 AristophanisJJ-jft?

331 1094 514 1144 tempore
541 1091 703 1132 Tithoni
726 1092 876 1132 misera
907 1094 1095 1132 senectus
1121 1092 1164 1131 in
1188 1091 1402 1144 proverbio
1431 1092 1660 1143 poneretur.
1674 1088 1692 1114 ²
1786 1081 1803 1087 “’

450 1160 609 1207 Quibus
638 1161 761 1201 rebus
792 1161 974 1201 omnibus
1008 1163 1051 1201 et
1080 1160 1255 1212 cognitis
1286 1162 1328 1199 et
1354 1160 1425 1199 diu
1453 1162 1590 1199 mente
1625 1138 1794 1211 agitatis
1814 1150 1889 1185 „²

332 1241 597 1278 commoveor,
627 1237 674 1268 ut
702 1231 852 1281 putem,
883 1229 926 1268 in
954 1229 1092 1268 fabula
1121 1231 1262 1267 nostra
1290 1228 1418 1267 multa
1449 1228 1596 1277 inesse,
1617 1238 1724 1282 quae
1741 1226 1795 1267 ad
1857 1220 1890 1259 13¹-

332 1295 582 1338 Graecorum
606 1298 815 1351 ingenium
842 1310 889 1338 ac
915 1297 1117 1338 sentiendi
1137 1297 1334 1338 rationem
1360 1309 1440 1337 non
1473 1307 1670 1350 expressa
1701 1290 1793 1347 sint,
1842 1287 1845 1290 ’
1884 1295 1891 1304 ‘

332 1367 405 1406 sed
419 1366 582 1406 aliunde
597 1366 639 1406 in
648 1365 899 1407 Graecorum
912 1367 1071 1406 fabulas
1086 1367 1136 1406 de
1146 1366 1307 1406 Venere
1322 1368 1531 1406 enarratas
1546 1362 1795 1418 irrepserint.

329 1433 408 1475 His
418 1438 553 1475 autem
563 1435 767 1476 concessis
778 1436 936 1475 animus
950 1440 1090 1475 noster
1104 1448 1302 1489 quaerens
1312 1435 1362 1474 de
1371 1434 1521 1487 populo
1533 1435 1663 1488 deque
1672 1428 1794 1482 terra,
1876 1484 1879 1487 .

329 1503 437 1543 unde
458 1504 530 1544 illa
548 1495 697 1544 fabula*
704 1505 874 1553 venerit,
898 1517 950 1543 ne
969 1517 1049 1544 uno
1073 1504 1234 1557 quidem
1248 1507 1448 1543 momento
1464 1493 1659 1555 temporis
1680 1502 1794 1542 dubi-
1854 1494 1858 1498 ’

329 1572 446 1622 tavit,
462 1585 586 1626 quum
595 1573 771 1625 populus
783 1573 864 1622 ille,
881 1573 990 1625 apud
1000 1586 1119 1626 quem
1134 1584 1194 1623 ea,
1210 1584 1313 1626 quae
1324 1573 1498 1626 hymnus
1509 1573 1660 1622 narrat,
1676 1571 1797 1624 gesta

329 1653 423 1680 esse
438 1643 611 1689 constat,
641 1640 838 1680 Troianos
857 1641 958 1690 dico,
986 1643 1191 1694 tamquam
1207 1641 1313 1680 ultro
1340 1654 1385 1680 se
1410 1641 1499 1692 ipse
1519 1639 1690 1679 offerret.
1728 1637 1796 1679 Ad

328 1707 436 1749 hunc
450 1709 578 1761 igitur
587 1708 793 1761 populum,
820 1709 855 1749 si
870 1709 1016 1762 placet,
1042 1710 1219 1749 animum
1242 1709 1513 1759 advertamus,
1538 1709 1586 1748 ut
1600 1707 1797 1760 originem
1838 1735 1844 1737 »ν

328 1777 491 1816 fabulae
530 1780 713 1825 nostrae,
751 1780 947 1830 quantum
981 1790 1214 1830 possumus,
1255 1777 1516 1817 illustremus.
1576 1775 1657 1816 Sed
1696 1775 1797 1816 h'aeo
1905 1772 1939 1789 ⁷

329 1846 535 1899 quaestio,
573 1846 608 1886 si
648 1846 739 1900 quis
770 1848 959 1886 accurate
988 1847 1039 1886 de
1079 1847 1229 1899 populo
1260 1845 1402 1886 Troico
1444 1846 1646 1886 disserere
1683 1845 1808 1900 velit,·
1828 1847 1840 1858 ⁸

330 1916 446 1954 tanta
474 1918 636 1967 tamque
666 1914 844 1954 difficilis
876 1916 918 1954 et
948 1915 1122 1954 obscura
1150 1916 1226 1965 est,
1256 1919 1303 1953 ut
1330 1914 1427 1954 mihi
1456 1914 1557 1954 satis
1586 1913 1721 1961 visum
1741 1913 1814 1953 sit

329 1995 383 2022 ex
413 1982 475 2031 iis,
507 1994 610 2036 quae
640 1983 719 2022 viri
749 1983 858 2022 docti
886 1983 936 2022 de
966 1983 1040 2023 hac
1070 1996 1115 2022 re
1148 1983 1384 2031 docuerunt,
1410 1993 1669 2034 cognoscere,
1697 1993 1794 2022 exa·
1842 1970 1891 2022 121

328 2051 493 2100 minare,
526 2064 686 2090 sumere
717 2064 777 2101 ea,
808 2063 911 2105 quae
942 2052 993 2090 ad
1023 2052 1276 2103 propositum
1301 2051 1419 2090 utilia
1448 2063 1540 2090 esse
1569 2046 1722 2103 puta'vi.
1765 2042 1773 2056 ’
1883 2092 1887 2108 ,Ι

447 2119 671 2159 Mansonus
699 2120 817 2168 enim,
847 2120 912 2159 vir
941 2120 1221 2174 doctissimus,
1252 2120 1294 2159 in
1321 2119 1424 2159 libro
1453 2131 1538 2169 suo,
1564 2119 1634 2172 qui
1653 2117 1794 2159 inseri·
1832 2147 1890 2176 .·

325 2187 436 2228 bitur
491 2187 844 2240 ,Mythologische
887 2188 1120 2228 Versuche‘
1176 2190 1227 2238 (a.
1278 2188 1404 2238 1794)
1421 2186 1460 2237 3,
1522 2199 1596 2227 nos
1663 2187 1792 2237 docet,

329 2268 468 2297 omnes
499 2257 585 2296 fere
614 2257 810 2310 populos,
850 2257 919 2312 qui
948 2260 1106 2310 partem
1135 2255 1261 2297 Asiae
1291 2256 1540 2297 occidentem
1565 2268 1711 2297 versus
1740 2244 1808 2296 si-5
1849 2305 1851 2308 .

325 2327 411 2364 tam
448 2326 680 2366 habitarent
709 2327 840 2379 deque
869 2328 1015 2379 quibus
1037 2327 1133 2379 quid
1159 2328 1377 2375 constaret,
1406 2326 1581 2365 coluisse
1607 2315 1796 2371 naturam
1817 2366 1819 2368 ,
1841 2318 1887 2370 ’.ΐῖ

325 2462 425 2501 citat
454 2464 498 2501 et
527 2466 662 2514 auget,
693 2464 754 2503 uti
789 2464 906 2503 deam
944 2464 1144 2516 quandam
1181 2476 1370 2515 magnam
1384 2463 1412 2502 ⁴.
1472 2462 1637 2502 Testem
1672 2453 1796 2502 vocat
1815 2493 1818 2496 >
1834 2478 1886 2509 ,-

418 2598 454 2642 1)
479 2607 511 2632 v.
538 2597 619 2634 984.
734 2614 736 2616 >

417 2655 454 2700 2)
478 2653 662 2700 Aristoph.
685 2653 839 2691 Acharn.
867 2664 900 2691 v.
925 2655 1006 2693 688.

415 2712 453 2756 3)
476 2722 538 2756 pg·
563 2714 593 2749 5
607 2722 685 2756 sqq

320 2825 353 2869 g
382 2767 452 2861 Ὶέ)
474 2767 519 2804 of.
542 2770 726 2813 praeterea
739 2768 876 2806 Preller
898 2770 1030 2816 grieoh.
1045 2769 1196 2816 Mythol.
1212 2770 1231 2806 I
1254 2782 1314 2816 pg.
1331 2771 1401 2807 403
1427 2778 1524 2816 sqq&
1549 2765 1810 2811 Gerhardl.1.
1822 2835 1825 2837 Β
