1981 3160
820 150 1078 188 ...9-

218 273 343 326 longa
377 271 603 324 excogitari
638 272 799 325 potest.‘
854 270 933 310 Est
970 270 1099 323 igitur
1135 284 1189 311 ex
1229 271 1433 312 sententia
1476 271 1690 311 Matthiaei

219 353 381 381 carmen
415 341 601 381 nostrum
635 353 709 393 pro
735 352 833 380 vero
864 339 1069 392 prooemio
1098 339 1349 390 habendum,
1390 352 1468 393 quo
1497 338 1690 392 rhapsodi

162 421 168 423 ’
217 410 462 451 inchoabant
480 409 547 450 vel
568 422 658 450 eam
678 408 900 450 carminum
918 408 1211 449 homericorum
1224 411 1395 462 partem,
1424 422 1504 463 qua
1524 407 1688 449 Aeneas

218 477 461 532 cognatique
497 477 585 518 eius
625 477 800 518 maxime
841 477 1172 527 celebrabantur,
1204 477 1273 517 vel
1312 477 1511 528 carmina,
1541 477 1688 532 quibus

218 546 382 594 Aeneae
410 560 478 587 res
507 549 653 599 gestae
680 534 870 587 laudibus
901 546 1214 587 extollebantur.
1283 547 1402 593 Quae
1433 546 1474 586 in
1507 547 1688 596 urbibus,

215 616 257 656 in
284 616 430 670 quibus
449 614 667 656 Aeneadae
687 615 924 668 regnabant,
945 615 1148 668 permulta
1162 615 1291 656 fuisse
1312 614 1562 656 Matthiaeus
1582 615 1685 655 vult.

332 684 478 737 Opinio
521 698 620 724 sane
651 685 822 737 optima,
861 696 981 737 quam
1011 684 1064 723 ad
1088 686 1270 723 nostram
1298 685 1429 736 ipsam
1458 685 1509 723 de
1533 684 1684 737 hymno

216 753 460 793 sententiam
490 752 793 806 concipiendam
821 752 1022 792 maximae
1052 752 1180 792 fuisse
1206 752 1374 793 utilitati
1402 753 1577 792 libenter
1595 764 1688 805 pro-

214 821 386 863 fitemur.
427 822 655 862 Dolendum
685 823 821 862 autem
850 823 926 871 est,
952 821 1059 875 quod
1087 820 1339 862 Matthiaeus
1367 834 1428 872 ea,
1458 834 1562 876 quae
1594 834 1687 875 pro-

215 892 331 941 tulit,
368 892 500 945 magis
542 882 632 931 cum
670 891 918 931 divinatione
948 891 1123 945 quadam
1146 890 1390 931 coniectavit
1418 903 1539 945 quam
1564 903 1687 944 argu-

214 962 351 1000 menta
387 960 559 1013 protulit
602 961 715 1000 certa
754 972 807 999 ex
847 959 988 1013 hymni
1022 959 1152 1012 ipsius
1191 962 1233 1000 et
1269 960 1406 1000 fabula
1433 962 1477 999 et
1506 960 1687 1017 oratione

214 1029 354 1082 petita,
383 1029 528 1083 quibus
560 1041 662 1081 opus
695 1029 760 1068 est
785 1040 967 1082 quaeque
996 1027 1082 1068 sola
1111 1027 1266 1082 aliquid
1292 1028 1395 1069 certi
1424 1028 1687 1074 constituunt.

330 1097 440 1137 Ante
465 1097 730 1137 Matthiaeum
767 1096 853 1136 Ioh.
884 1096 1008 1136 Henr.
1036 1096 1211 1136 Vossius
1242 1096 1284 1136 in
1314 1097 1499 1149 epistolis
1525 1097 1685 1149 mytho-

213 1165 361 1219 logicis
401 1165 512 1218 (edit.
550 1166 664 1219 prim.
703 1165 782 1205 vol.
813 1164 858 1205 II
896 1165 1014 1218 epist.
1047 1168 1097 1206 31
1140 1178 1209 1217 pg.
1242 1167 1353 1216 1763
1384 1165 1478 1205 edit.
1510 1165 1684 1214 secund„

214 1240 310 1289 que⁴
333 1247 410 1287 ego
440 1248 541 1275 usus
579 1248 680 1284 sum,
711 1234 791 1274 vol.
811 1233 856 1273 Π
885 1234 1003 1287 epist.
1034 1236 1087 1274 69
1112 1247 1180 1287 pg.
1212 1234 1311 1284 297)
1338 1234 1565 1287 opinionem
1592 1248 1684 1287 pro-

213 1304 309 1345 tulit
338 1304 389 1344 de
419 1304 569 1357 hymno
599 1305 751 1353 nostro,
777 1316 896 1357 quem
925 1303 987 1343 uti
1017 1315 1156 1343 omnes
1176 1303 1287 1343 illius
1309 1303 1457 1343 aetatis
1477 1303 1556 1343 viri
1575 1303 1684 1344 docti

212 1372 388 1413 Homero
426 1372 629 1414 abiudicat
668 1373 716 1412 ob
760 1385 827 1413 res
865 1385 918 1413 ex
956 1384 1047 1413 mea
1087 1372 1248 1427 quidem
1278 1372 1481 1413 sententia
1519 1372 1686 1414 nimium

213 1443 385 1494 exiguas
426 1466 483 1471 —
521 1455 616 1482 nam
646 1442 749 1482 aliae
781 1444 878 1482 sunt
905 1454 1054 1482 causae
1084 1445 1127 1482 et
1155 1443 1282 1482 multo
1314 1442 1526 1494 graviores
1561 1465 1607 1471 --
1643 1444 1685 1482 et

211 1510 356 1552 tribuit
392 1510 538 1561 aetati,
575 1523 655 1565 qua
690 1510 797 1551 vixit
831 1508 1067 1561 Anacreon,
1105 1510 1147 1550 id
1186 1511 1251 1551 est
1278 1510 1384 1551 circa
1413 1510 1684 1564 olympiadem

213 1577 512 1631 sexagesimam
552 1581 652 1631 (540
680 1592 715 1618 a.
746 1580 837 1620 Chr.
866 1579 923 1630 n.)
941 1579 966 1618 ¹.
1024 1578 1083 1619 At
1112 1581 1253 1619 contra
1281 1579 1476 1619 Vossium
1506 1580 1686 1620 surrexit

210 1648 462 1689 Matthiaeus
499 1649 542 1689 in
581 1649 684 1689 libro
728 1661 752 1689 a
781 1649 898 1690 nobis
929 1661 1054 1702 supra
1082 1649 1266 1699 laudato,
1303 1648 1372 1702 qui
1401 1649 1470 1699 ait,
1496 1637 1684 1690 dictionis

140 1720 142 1722 ’
212 1718 387 1758 colorem
416 1717 699 1771 simpliciorem
728 1730 821 1758 esse
852 1720 894 1758 et
924 1718 1133 1767 altiorem,
1175 1718 1235 1758 ita
1258 1720 1305 1758 ut
1335 1718 1513 1771 hymnus
1544 1720 1685 1758 noster

208 1786 315 1827 inter
352 1786 535 1826 homines
576 1786 788 1840 elegantes
829 1788 871 1827 et
908 1786 1021 1826 cultu
1058 1786 1170 1827 vitae
1199 1787 1436 1827 humaniore
1467 1787 1683 1840 expolitos,

210 1869 292 1896 non
328 1843 464 1896 alitem
503 1856 612 1907 apud.
644 1855 839 1908 populum
868 1855 1024 1896 deliciis
1055 1857 1097 1895 et
1124 1856 1292 1895 mollitie
1322 1856 1495 1896 fractum
1524 1868 1683 1908 compo-

212 1925 315 1966 situs
336 1937 429 1965 esse
448 1923 590 1978 possit.
631 1924 797 1971 Quanta
816 1937 914 1965 vero
935 1925 1098 1965 luxuria
1120 1926 1162 1965 et
1177 1924 1345 1965 mollitie
1361 1923 1485 1965 Iones
1499 1923 1679 1966 Anacre-

211 1995 317 2035 ontis
348 1996 483 2035 aetate
511 1994 628 2048 quasi
657 1995 791 2035 obruti
819 1995 971 2035 fuerint
990 1995 1082 2048 quis
1101 1995 1256 2035 nescit?
1294 1994 1496 2041 Quocirca
1515 1995 1683 2036 Matthi-

211 2076 310 2105 aeus
340 2064 534 2118 hymnum
558 2065 744 2104 nostrum
772 2063 912 2105 Ioniae
938 2065 1061 2105 rebus
1086 2063 1322 2104 florentibus
1343 2064 1571 2105 confectum
1590 2078 1683 2106 esse

209 2134 386 2184 mavult,
425 2146 548 2188 quum
584 2133 799 2186 disciplina
827 2135 992 2187 patrum
1019 2134 1124 2174 bene
1151 2135 1317 2174 servata
1346 2146 1479 2174 mores
1506 2135 1684 2175 nondum

210 2203 390 2255 corrupti
417 2204 568 2252 essent,
596 2203 772 2243 fortasse
802 2204 994 2256 tempore,
1023 2215 1102 2257 quo
1132 2202 1238 2242 vixit
1268 2202 1545 2253 Mimnermus,
1576 2204 1684 2244 circa

209 2272 492 2325 Olympiadem
530 2272 774 2312 tricesimam
809 2273 1021 2325 septimam
1052 2274 1102 2324 (a.
1133 2275 1215 2313 630
1247 2276 1329 2312 ant.
1361 2273 1507 2314 Christ.
1537 2274 1637 2324 nat.)
1653 2273 1681 2313 2.

210 2340 402 2396 Sequitur
443 2341 539 2381 dein
567 2339 825 2381 Grodofredus
854 2340 1136 2392 Hermannus,
1176 2341 1245 2396 qui
1270 2341 1311 2382 in
1341 2340 1515 2395 epistola
1545 2341 1599 2382 ad
1627 2340 1681 2383 Il-

209 2411 375 2464 genium
413 2411 512 2451 data
550 2413 593 2451 et
628 2411 796 2452 editioni
825 2412 1066 2464 hymnorum
1107 2423 1206 2452 suae
1249 2410 1432 2464 praefixa
1461 2412 1681 2462 contendit,

208 2480 381 2534 hymnos
411 2479 648 2521 Homericos
677 2479 828 2521 multas
856 2480 1063 2534 accepisse
1083 2480 1219 2521 clades
1241 2480 1291 2521 ab
1312 2479 1684 2534 interpolatoribus,

208 2550 278 2604 qui
303 2550 433 2590 multa
459 2552 711 2599 mutassent,
748 2551 1042 2603 dempsissent,
1082 2551 1354 2600 addidissent,
1379 2563 1461 2590 non
1490 2552 1608 2591 modo
1638 2553 1685 2591 ut

208 2619 373 2659 diversa
419 2619 598 2660 carmina
636 2620 973 2660 connecterentur
1010 2621 1053 2660 et
1092 2619 1326 2670 tolleretur,
1378 2619 1414 2660 si
1456 2620 1553 2675 quid
1593 2633 1684 2661 cum

212 2688 303 2728 aliis
324 2687 425 2728 locis
446 2690 665 2741 pugnaret,
687 2689 760 2729 sed
775 2688 896 2729 etiam
915 2690 962 2728 ut
977 2688 1097 2742 plura
1112 2688 1300 2739 carmina,
1320 2688 1363 2728 in
1379 2689 1525 2743 quihus
1541 2687 1685 2729 eadem

302 2801 339 2846 1)
361 2800 406 2835 cf.
432 2799 642 2845 Bernhardy
666 2799 791 2836 Gesch.
815 2800 850 2836 d.
875 2799 1014 2836 Griech.
1039 2799 1128 2836 Litt.
1152 2800 1217 2843 11⁸,
1245 2802 1265 2836 1
1290 2811 1351 2846 pg.
1370 2799 1426 2836 62.

301 2857 338 2904 2)
363 2856 407 2894 cf.
432 2849 641 2905 Bernhardy
663 2856 789 2895 Gesch.
813 2857 846 2895 d.
870 2857 1010 2895 Griech.
1035 2857 1126 2895 Litt.
1147 2857 1212 2902 ΠΒ,
1238 2858 1258 2894 1
1283 2869 1345 2904 pg.
1359 2858 1438 2894 506.
