<?xml version="1.0" encoding="UTF-8"?>
<!DOCTYPE html PUBLIC "-//W3C//DTD XHTML 1.0 Transitional//EN"
    "http://www.w3.org/TR/xhtml1/DTD/xhtml1-transitional.dtd">
<html xmlns="http://www.w3.org/1999/xhtml" xml:lang="en" lang="en">
 <head>
  <title>
</title>
<meta http-equiv="Content-Type" content="text/html;charset=utf-8" />
  <meta name='ocr-system' content='tesseract 3.04.00' />
  <meta name='ocr-capabilities' content='ocr_page ocr_carea ocr_par ocr_line ocrx_word'/>
</head>
<body>
  <div class='ocr_page' id='page_1' title='image "4737856_0014.png"; bbox 0 0 1981 3160; ppageno 0'>
   <div class='ocr_carea' id='block_1_1' title="bbox 888 111 1159 181">
    <p class='ocr_par' dir='ltr' id='par_1_1' title="bbox 888 111 1159 181">
     <span class='ocr_line' id='line_1_1' title="bbox 888 111 1159 181; baseline 0.004 -11"><span class='ocrx_word' id='word_1_1' title='bbox 888 111 1159 181; x_wconf 48' lang='lat'><strong>42--</strong></span> 
     </span>
    </p>
   </div>
   <div class='ocr_carea' id='block_1_2' title="bbox 276 266 1787 938">
    <p class='ocr_par' dir='ltr' id='par_1_2' title="bbox 276 266 1787 938">
     <span class='ocr_line' id='line_1_2' title="bbox 280 266 1755 321; baseline -0.001 -11"><span class='ocrx_word' id='word_1_2' title='bbox 280 269 382 310; x_wconf 90' lang='lat' dir='ltr'><strong>sinis</strong></span> <span class='ocrx_word' id='word_1_3' title='bbox 411 279 559 308; x_wconf 80' lang='lat' dir='ltr'><strong>novam</strong></span> <span class='ocrx_word' id='word_1_4' title='bbox 587 266 704 321; x_wconf 80' lang='lat' dir='ltr'>quasi</span> <span class='ocrx_word' id='word_1_5' title='bbox 732 266 844 307; x_wconf 84' lang='lat' dir='ltr'><strong>viam</strong></span> <span class='ocrx_word' id='word_1_6' title='bbox 874 267 1118 320; x_wconf 85' lang='lat' dir='ltr'><strong>hymnorum</strong></span> <span class='ocrx_word' id='word_1_7' title='bbox 1144 267 1187 307; x_wconf 89' lang='lat' dir='ltr'><strong>et</strong></span> <span class='ocrx_word' id='word_1_8' title='bbox 1206 266 1455 307; x_wconf 89' lang='lat' dir='ltr'><strong>edendorum</strong></span> <span class='ocrx_word' id='word_1_9' title='bbox 1476 268 1519 307; x_wconf 87' lang='lat' dir='ltr'><strong>et</strong></span> <span class='ocrx_word' id='word_1_10' title='bbox 1537 268 1755 308; x_wconf 89' lang='lat' dir='ltr'><strong>emendan-</strong></span> 
     </span>
     <span class='ocr_line' id='line_1_3' title="bbox 278 333 1787 389; baseline -0.001 -12"><span class='ocrx_word' id='word_1_11' title='bbox 278 339 420 377; x_wconf 86' lang='lat' dir='ltr'><strong>dorum</strong></span> <span class='ocrx_word' id='word_1_12' title='bbox 450 335 655 388; x_wconf 79' lang='lat' dir='ltr'><strong>patefecit.</strong></span> <span class='ocrx_word' id='word_1_13' title='bbox 715 334 853 389; x_wconf 87' lang='lat' dir='ltr'><strong>Atque</strong></span> <span class='ocrx_word' id='word_1_14' title='bbox 881 335 1020 388; x_wconf 86' lang='lat' dir='ltr'><strong>paullo</strong></span> <span class='ocrx_word' id='word_1_15' title='bbox 1050 336 1146 388; x_wconf 92' lang='lat' dir='ltr'><strong>post</strong></span> <span class='ocrx_word' id='word_1_16' title='bbox 1176 335 1351 388; x_wconf 87' lang='lat' dir='ltr'><strong>contigit</strong></span> <span class='ocrx_word' id='word_1_17' title='bbox 1385 347 1483 376; x_wconf 89' lang='lat' dir='ltr'><strong>casu</strong></span> <span class='ocrx_word' id='word_1_18' title='bbox 1508 335 1755 386; x_wconf 84' lang='lat' dir='ltr'><strong>felicissimo,</strong></span> <span class='ocrx_word' id='word_1_19' title='bbox 1784 333 1787 335; x_wconf 75' lang='grc'><strong>’</strong></span> 
     </span>
     <span class='ocr_line' id='line_1_4' title="bbox 277 402 1756 456; baseline -0.001 -12"><span class='ocrx_word' id='word_1_20' title='bbox 277 407 323 444; x_wconf 94' lang='lat' dir='ltr'><strong>ut</strong></span> <span class='ocrx_word' id='word_1_21' title='bbox 370 403 478 455; x_wconf 88' lang='lat' dir='ltr'>Aug.</span> <span class='ocrx_word' id='word_1_22' title='bbox 505 402 758 443; x_wconf 85' lang='lat' dir='ltr'><strong>Matthiaeus</strong></span> <span class='ocrx_word' id='word_1_23' title='bbox 787 403 1021 443; x_wconf 80' lang='lat' dir='ltr'><strong>Moscoviae</strong></span> <span class='ocrx_word' id='word_1_24' title='bbox 1072 403 1124 453; x_wconf 88' lang='lat' dir='ltr'><strong>(a.</strong></span> <span class='ocrx_word' id='word_1_25' title='bbox 1168 405 1296 454; x_wconf 99' lang='grc'>1780)</span> <span class='ocrx_word' id='word_1_26' title='bbox 1342 404 1541 456; x_wconf 89' lang='lat' dir='ltr'><strong>reperiret</strong></span> <span class='ocrx_word' id='word_1_27' title='bbox 1577 403 1756 444; x_wconf 84' lang='lat' dir='ltr'><strong>codicem</strong></span> 
     </span>
     <span class='ocr_line' id='line_1_5' title="bbox 277 471 1755 526; baseline 0 -14"><span class='ocrx_word' id='word_1_28' title='bbox 277 472 398 526; x_wconf 89' lang='lat' dir='ltr'><strong>pretii</strong></span> <span class='ocrx_word' id='word_1_29' title='bbox 428 471 586 522; x_wconf 89' lang='lat' dir='ltr'><strong>summi,</strong></span> <span class='ocrx_word' id='word_1_30' title='bbox 617 471 659 512; x_wconf 91' lang='lat' dir='ltr'><strong>in</strong></span> <span class='ocrx_word' id='word_1_31' title='bbox 690 483 769 526; x_wconf 92' lang='lat' dir='ltr'><strong>quo</strong></span> <span class='ocrx_word' id='word_1_32' title='bbox 798 471 906 511; x_wconf 92' lang='lat' dir='ltr'><strong>inter</strong></span> <span class='ocrx_word' id='word_1_33' title='bbox 935 474 1094 512; x_wconf 89' lang='lat' dir='ltr'><strong>ceteros</strong></span> <span class='ocrx_word' id='word_1_34' title='bbox 1124 471 1298 526; x_wconf 81' lang='lat' dir='ltr'><strong>hymnos</strong></span> <span class='ocrx_word' id='word_1_35' title='bbox 1328 472 1554 514; x_wconf 78' lang='lat' dir='ltr'><strong>homericos</strong></span> <span class='ocrx_word' id='word_1_36' title='bbox 1578 471 1755 526; x_wconf 81' lang='lat' dir='ltr'><strong>hymnus</strong></span> 
     </span>
     <span class='ocr_line' id='line_1_6' title="bbox 276 540 1758 594; baseline 0 -13"><span class='ocrx_word' id='word_1_37' title='bbox 276 542 318 581; x_wconf 88' lang='lat' dir='ltr'><strong>in</strong></span> <span class='ocrx_word' id='word_1_38' title='bbox 339 541 529 583; x_wconf 84' lang='lat' dir='ltr'><strong>Cererem</strong></span> <span class='ocrx_word' id='word_1_39' title='bbox 556 553 716 593; x_wconf 92' lang='lat' dir='ltr'><strong>quoque</strong></span> <span class='ocrx_word' id='word_1_40' title='bbox 737 540 940 590; x_wconf 86' lang='lat' dir='ltr'><strong>exstabat,</strong></span> <span class='ocrx_word' id='word_1_41' title='bbox 960 541 1030 593; x_wconf 91' lang='lat' dir='ltr'><strong>qui</strong></span> <span class='ocrx_word' id='word_1_42' title='bbox 1051 552 1294 594; x_wconf 88' lang='lat' dir='ltr'><strong>quamquam</strong></span> <span class='ocrx_word' id='word_1_43' title='bbox 1313 542 1557 581; x_wconf 73' lang='lat' dir='ltr'><strong>testimoniis</strong></span> <span class='ocrx_word' id='word_1_44' title='bbox 1570 544 1758 581; x_wconf 79' lang='lat' dir='ltr'><strong>veterum</strong></span> 
     </span>
     <span class='ocr_line' id='line_1_7' title="bbox 277 608 1757 662; baseline -0.001 -12"><span class='ocrx_word' id='word_1_45' title='bbox 277 610 522 662; x_wconf 85' lang='lat' dir='ltr'><strong>scriptorum</strong></span> <span class='ocrx_word' id='word_1_46' title='bbox 550 608 788 649; x_wconf 86' lang='lat' dir='ltr'><strong>notissimus</strong></span> <span class='ocrx_word' id='word_1_47' title='bbox 818 622 893 661; x_wconf 89' lang='lat' dir='ltr'><strong>per</strong></span> <span class='ocrx_word' id='word_1_48' title='bbox 911 609 1041 649; x_wconf 89' lang='lat' dir='ltr'><strong>multa</strong></span> <span class='ocrx_word' id='word_1_49' title='bbox 1061 611 1198 649; x_wconf 89' lang='lat' dir='ltr'><strong>tamen</strong></span> <span class='ocrx_word' id='word_1_50' title='bbox 1219 610 1384 649; x_wconf 85' lang='lat' dir='ltr'><strong>saecula</strong></span> <span class='ocrx_word' id='word_1_51' title='bbox 1402 610 1591 650; x_wconf 84' lang='lat' dir='ltr'><strong>latuerat.</strong></span> <span class='ocrx_word' id='word_1_52' title='bbox 1635 609 1757 656; x_wconf 83' lang='lat' dir='ltr'><strong>Quod</strong></span> 
     </span>
     <span class='ocr_line' id='line_1_8' title="bbox 276 677 1761 730; baseline 0 -12"><span class='ocrx_word' id='word_1_53' title='bbox 276 690 440 719; x_wconf 89' lang='lat' dir='ltr'><strong>carmen</strong></span> <span class='ocrx_word' id='word_1_54' title='bbox 468 677 740 719; x_wconf 60' lang='lat' dir='ltr'><strong>Ruhnk‘enius</strong></span> <span class='ocrx_word' id='word_1_55' title='bbox 781 679 831 730; x_wconf 89' lang='lat' dir='ltr'><strong>(a.</strong></span> <span class='ocrx_word' id='word_1_56' title='bbox 857 678 984 729; x_wconf 85' lang='grc'>1782)</span> <span class='ocrx_word' id='word_1_57' title='bbox 1025 678 1165 719; x_wconf 91' lang='lat' dir='ltr'><strong>multis</strong></span> <span class='ocrx_word' id='word_1_58' title='bbox 1202 678 1303 719; x_wconf 88' lang='lat' dir='ltr'><strong>locis</strong></span> <span class='ocrx_word' id='word_1_59' title='bbox 1332 679 1589 726; x_wconf 87' lang='lat' dir='ltr'><strong>emendatum</strong></span> <span class='ocrx_word' id='word_1_60' title='bbox 1617 678 1761 719; x_wconf 72' lang='lat' dir='ltr'><strong>edidit.</strong></span> 
     </span>
     <span class='ocr_line' id='line_1_9' title="bbox 276 745 1757 801; baseline 0 -14"><span class='ocrx_word' id='word_1_61' title='bbox 276 747 381 787; x_wconf 88' lang='lat' dir='ltr'><strong>Dein</strong></span> <span class='ocrx_word' id='word_1_62' title='bbox 411 745 696 788; x_wconf 87' lang='lat' dir='ltr'><strong>Groddeckius</strong></span> <span class='ocrx_word' id='word_1_63' title='bbox 733 748 1071 788; x_wconf 84' lang='lat' dir='ltr'><strong>commentatione</strong></span> <span class='ocrx_word' id='word_1_64' title='bbox 1113 748 1164 787; x_wconf 92' lang='lat' dir='ltr'><strong>de</strong></span> <span class='ocrx_word' id='word_1_65' title='bbox 1194 748 1437 801; x_wconf 85' lang='lat' dir='ltr'><strong>hymnorum</strong></span> <span class='ocrx_word' id='word_1_66' title='bbox 1463 747 1757 788; x_wconf 75' lang='lat' dir='ltr'><strong>homericbrum</strong></span> 
     </span>
     <span class='ocr_line' id='line_1_10' title="bbox 278 816 1758 870; baseline 0 -14"><span class='ocrx_word' id='word_1_67' title='bbox 278 816 460 870; x_wconf 80' lang='lat' dir='ltr'><strong>reliquiis</strong></span> <span class='ocrx_word' id='word_1_68' title='bbox 498 818 550 869; x_wconf 90' lang='lat' dir='ltr'><strong>(a.</strong></span> <span class='ocrx_word' id='word_1_69' title='bbox 574 816 701 868; x_wconf 87' lang='grc'>1786)</span> <span class='ocrx_word' id='word_1_70' title='bbox 745 816 899 870; x_wconf 88' lang='lat' dir='ltr'><strong>scripta</strong></span> <span class='ocrx_word' id='word_1_71' title='bbox 938 816 1102 869; x_wconf 82' lang='lat' dir='ltr'><strong>hymnis</strong></span> <span class='ocrx_word' id='word_1_72' title='bbox 1132 817 1343 870; x_wconf 84' lang='lat' dir='ltr'><strong>exiguam,</strong></span> <span class='ocrx_word' id='word_1_73' title='bbox 1382 817 1456 857; x_wconf 89' lang='lat' dir='ltr'><strong>sed</strong></span> <span class='ocrx_word' id='word_1_74' title='bbox 1487 829 1585 857; x_wconf 88' lang='lat' dir='ltr'><strong>sane</strong></span> <span class='ocrx_word' id='word_1_75' title='bbox 1614 816 1758 856; x_wconf 85' lang='lat' dir='ltr'><strong>utilem</strong></span> 
     </span>
     <span class='ocr_line' id='line_1_11' title="bbox 278 884 1756 938; baseline 0 -14"><span class='ocrx_word' id='word_1_76' title='bbox 278 898 443 937; x_wconf 84' lang='lat' dir='ltr'><strong>operam</strong></span> <span class='ocrx_word' id='word_1_77' title='bbox 472 887 644 926; x_wconf 85' lang='lat' dir='ltr'><strong>navavit</strong></span> <span class='ocrx_word' id='word_1_78' title='bbox 673 897 748 926; x_wconf 90' lang='lat' dir='ltr'><strong>nec</strong></span> <span class='ocrx_word' id='word_1_79' title='bbox 776 898 858 925; x_wconf 90' lang='lat' dir='ltr'><strong>non</strong></span> <span class='ocrx_word' id='word_1_80' title='bbox 877 885 1056 926; x_wconf 86' lang='lat' dir='ltr'><strong>Wolfius</strong></span> <span class='ocrx_word' id='word_1_81' title='bbox 1081 885 1123 925; x_wconf 92' lang='lat' dir='ltr'><strong>in</strong></span> <span class='ocrx_word' id='word_1_82' title='bbox 1142 885 1444 938; x_wconf 87' lang='lat' dir='ltr'><strong>prolegomenis</strong></span> <span class='ocrx_word' id='word_1_83' title='bbox 1464 885 1517 925; x_wconf 92' lang='lat' dir='ltr'><strong>ad</strong></span> <span class='ocrx_word' id='word_1_84' title='bbox 1535 884 1756 924; x_wconf 89' lang='lat' dir='ltr'><strong>Homerum</strong></span> 
     </span>
    </p>
   </div>
   <div class='ocr_carea' id='block_1_3' title="bbox 1848 0 1981 84">
    <p class='ocr_par' dir='ltr' id='par_1_3' title="bbox 1848 0 1981 84">
     <span class='ocr_line' id='line_1_12' title="bbox 1848 0 1981 84; baseline 0 3076"><span class='ocrx_word' id='word_1_85' title='bbox 1848 0 1981 84; x_wconf 95' lang='lat' dir='ltr'><strong> </strong></span> 
     </span>
    </p>
   </div>
   <div class='ocr_carea' id='block_1_4' title="bbox 285 952 1847 1008">
    <p class='ocr_par' dir='ltr' id='par_1_4' title="bbox 285 952 1847 1008">
     <span class='ocr_line' id='line_1_13' title="bbox 285 952 1847 1008; baseline 0 -15"><span class='ocrx_word' id='word_1_86' title='bbox 285 953 406 1004; x_wconf 88' lang='lat' dir='ltr'><strong>datis,</strong></span> <span class='ocrx_word' id='word_1_87' title='bbox 434 954 484 994; x_wconf 82' lang='lat' dir='ltr'><strong>cf.</strong></span> <span class='ocrx_word' id='word_1_88' title='bbox 514 952 705 1005; x_wconf 81' lang='lat' dir='ltr'><strong>Schwalb</strong></span> <span class='ocrx_word' id='word_1_89' title='bbox 735 955 777 995; x_wconf 92' lang='lat' dir='ltr'><strong>in</strong></span> <span class='ocrx_word' id='word_1_90' title='bbox 806 967 943 1008; x_wconf 85' lang='lat' dir='ltr'><strong>progr.</strong></span> <span class='ocrx_word' id='word_1_91' title='bbox 973 955 1140 994; x_wconf 87' lang='lat' dir='ltr'><strong>laudato</strong></span> <span class='ocrx_word' id='word_1_92' title='bbox 1162 954 1274 996; x_wconf 81' lang='lat' dir='ltr'><strong>Clev.</strong></span> <span class='ocrx_word' id='word_1_93' title='bbox 1301 968 1370 1008; x_wconf 91' lang='lat' dir='ltr'><strong>pg.</strong></span> <span class='ocrx_word' id='word_1_94' title='bbox 1397 956 1450 994; x_wconf 92' lang='lat'><strong>10</strong></span> <span class='ocrx_word' id='word_1_95' title='bbox 1477 968 1536 1008; x_wconf 90' lang='lat' dir='ltr'><strong>sq.</strong></span> <span class='ocrx_word' id='word_1_96' title='bbox 1573 953 1759 1006; x_wconf 88' lang='lat' dir='ltr'><strong>Ilgenius</strong></span> <span class='ocrx_word' id='word_1_97' title='bbox 1837 979 1847 985; x_wconf 30' lang='grc' dir='ltr'>κ</span> 
     </span>
    </p>
   </div>
   <div class='ocr_carea' id='block_1_5' title="bbox 232 1022 1763 2857">
    <p class='ocr_par' dir='ltr' id='par_1_5' title="bbox 279 1022 1760 1693">
     <span class='ocr_line' id='line_1_14' title="bbox 279 1022 1756 1082; baseline 0 -20"><span class='ocrx_word' id='word_1_98' title='bbox 279 1025 433 1072; x_wconf 90' lang='lat' dir='ltr'><strong>autem,</strong></span> <span class='ocrx_word' id='word_1_99' title='bbox 485 1024 555 1076; x_wconf 91' lang='lat' dir='ltr'><strong>qui</strong></span> <span class='ocrx_word' id='word_1_100' title='bbox 603 1024 777 1076; x_wconf 88' lang='lat' dir='ltr'><strong>hymnos</strong></span> <span class='ocrx_word' id='word_1_101' title='bbox 828 1023 935 1062; x_wconf 88' lang='lat' dir='ltr'><strong>iusto</strong></span> <span class='ocrx_word' id='word_1_102' title='bbox 980 1023 1187 1062; x_wconf 84' lang='lat' dir='ltr'><strong>volumine</strong></span> <span class='ocrx_word' id='word_1_103' title='bbox 1234 1035 1269 1062; x_wconf 87' lang='lat' dir='ltr'><strong>a.</strong></span> <span class='ocrx_word' id='word_1_104' title='bbox 1310 1025 1420 1063; x_wconf 89' lang='grc'>1786</span> <span class='ocrx_word' id='word_1_105' title='bbox 1461 1022 1587 1062; x_wconf 72' lang='lat' dir='ltr'><strong>edidit</strong></span> <span class='ocrx_word' id='word_1_106' title='bbox 1596 1053 1612 1082; x_wconf 36' lang='grc' dir='ltr'><strong>,ι</strong></span> <span class='ocrx_word' id='word_1_107' title='bbox 1651 1034 1756 1062; x_wconf 90' lang='lat' dir='ltr'><strong>com-</strong></span> 
     </span>
     <span class='ocr_line' id='line_1_15' title="bbox 279 1091 1757 1144; baseline 0 -14"><span class='ocrx_word' id='word_1_108' title='bbox 279 1091 474 1143; x_wconf 84' lang='lat' dir='ltr'><strong>plectitur</strong></span> <span class='ocrx_word' id='word_1_109' title='bbox 508 1092 594 1131; x_wconf 88' lang='lat' dir='ltr'><strong>fere</strong></span> <span class='ocrx_word' id='word_1_110' title='bbox 631 1104 792 1141; x_wconf 90' lang='lat' dir='ltr'><strong>omnes,</strong></span> <span class='ocrx_word' id='word_1_111' title='bbox 834 1103 937 1144; x_wconf 88' lang='lat' dir='ltr'><strong>quae</strong></span> <span class='ocrx_word' id='word_1_112' title='bbox 975 1104 1106 1144; x_wconf 90' lang='lat' dir='ltr'><strong>usque</strong></span> <span class='ocrx_word' id='word_1_113' title='bbox 1146 1092 1199 1131; x_wconf 88' lang='lat' dir='ltr'><strong>ad</strong></span> <span class='ocrx_word' id='word_1_114' title='bbox 1239 1092 1281 1131; x_wconf 92' lang='lat' dir='ltr'><strong>id</strong></span> <span class='ocrx_word' id='word_1_115' title='bbox 1325 1094 1486 1143; x_wconf 91' lang='lat' dir='ltr'><strong>tempus</strong></span> <span class='ocrx_word' id='word_1_116' title='bbox 1526 1092 1757 1140; x_wconf 85' lang='lat' dir='ltr'><strong>exstabant,</strong></span> 
     </span>
     <span class='ocr_line' id='line_1_16' title="bbox 280 1159 1760 1213; baseline -0.001 -14"><span class='ocrx_word' id='word_1_117' title='bbox 280 1159 491 1211; x_wconf 86' lang='lat' dir='ltr'><strong>opiniones</strong></span> <span class='ocrx_word' id='word_1_118' title='bbox 529 1162 571 1199; x_wconf 93' lang='lat' dir='ltr'><strong>et</strong></span> <span class='ocrx_word' id='word_1_119' title='bbox 609 1159 969 1199; x_wconf 84' lang='lat' dir='ltr'><strong>commentationes</strong></span> <span class='ocrx_word' id='word_1_120' title='bbox 1003 1160 1054 1198; x_wconf 91' lang='lat' dir='ltr'><strong>de</strong></span> <span class='ocrx_word' id='word_1_121' title='bbox 1094 1159 1267 1213; x_wconf 86' lang='lat' dir='ltr'><strong>hymnis.</strong></span> <span class='ocrx_word' id='word_1_122' title='bbox 1327 1159 1460 1205; x_wconf 81' lang='lat' dir='ltr'><strong>Quem</strong></span> <span class='ocrx_word' id='word_1_123' title='bbox 1498 1159 1636 1212; x_wconf 89' lang='lat' dir='ltr'><strong>paullo</strong></span> <span class='ocrx_word' id='word_1_124' title='bbox 1665 1161 1760 1211; x_wconf 87' lang='lat' dir='ltr'><strong>post</strong></span> 
     </span>
     <span class='ocr_line' id='line_1_17' title="bbox 282 1227 1758 1281; baseline -0.001 -13"><span class='ocrx_word' id='word_1_125' title='bbox 282 1231 448 1268; x_wconf 89' lang='lat' dir='ltr'><strong>secutus</strong></span> <span class='ocrx_word' id='word_1_126' title='bbox 478 1231 542 1268; x_wconf 90' lang='lat' dir='ltr'><strong>est</strong></span> <span class='ocrx_word' id='word_1_127' title='bbox 570 1227 679 1281; x_wconf 88' lang='lat' dir='ltr'><strong>Aug.</strong></span> <span class='ocrx_word' id='word_1_128' title='bbox 699 1228 962 1278; x_wconf 78' lang='lat' dir='ltr'><strong>Matthiaeus,</strong></span> <span class='ocrx_word' id='word_1_129' title='bbox 994 1228 1110 1268; x_wconf 91' lang='lat' dir='ltr'><strong>cuius</strong></span> <span class='ocrx_word' id='word_1_130' title='bbox 1132 1228 1504 1268; x_wconf 81' lang='lat' dir='ltr'><strong>animadversiones</strong></span> <span class='ocrx_word' id='word_1_131' title='bbox 1524 1228 1567 1267; x_wconf 91' lang='lat' dir='ltr'><strong>in</strong></span> <span class='ocrx_word' id='word_1_132' title='bbox 1578 1228 1758 1281; x_wconf 83' lang='lat' dir='ltr'><strong>hymnos</strong></span> 
     </span>
     <span class='ocr_line' id='line_1_18' title="bbox 283 1297 1757 1351; baseline 0.001 -15"><span class='ocrx_word' id='word_1_133' title='bbox 283 1297 508 1337; x_wconf 84' lang='lat' dir='ltr'><strong>homericos</strong></span> <span class='ocrx_word' id='word_1_134' title='bbox 540 1309 575 1337; x_wconf 89' lang='lat' dir='ltr'><strong>a.</strong></span> <span class='ocrx_word' id='word_1_135' title='bbox 609 1299 719 1338; x_wconf 90' lang='grc'>1800</span> <span class='ocrx_word' id='word_1_136' title='bbox 751 1297 1015 1351; x_wconf 91' lang='lat' dir='ltr'><strong>eiusdemque</strong></span> <span class='ocrx_word' id='word_1_137' title='bbox 1042 1297 1166 1338; x_wconf 90' lang='lat' dir='ltr'><strong>editio</strong></span> <span class='ocrx_word' id='word_1_138' title='bbox 1193 1297 1437 1351; x_wconf 87' lang='lat' dir='ltr'><strong>hymnorum</strong></span> <span class='ocrx_word' id='word_1_139' title='bbox 1466 1309 1500 1337; x_wconf 86' lang='lat' dir='ltr'><strong>a.</strong></span> <span class='ocrx_word' id='word_1_140' title='bbox 1524 1298 1635 1337; x_wconf 82' lang='lat'><strong>1805</strong></span> <span class='ocrx_word' id='word_1_141' title='bbox 1666 1309 1757 1350; x_wconf 91' lang='lat' dir='ltr'><strong>pro-</strong></span> 
     </span>
     <span class='ocr_line' id='line_1_19' title="bbox 282 1364 1759 1421; baseline -0.001 -15"><span class='ocrx_word' id='word_1_142' title='bbox 282 1366 455 1406; x_wconf 90' lang='lat' dir='ltr'><strong>dierunt.</strong></span> <span class='ocrx_word' id='word_1_143' title='bbox 494 1365 577 1406; x_wconf 84' lang='lat' dir='ltr'><strong>Sed</strong></span> <span class='ocrx_word' id='word_1_144' title='bbox 597 1368 815 1420; x_wconf 89' lang='lat' dir='ltr'><strong>utrumque</strong></span> <span class='ocrx_word' id='word_1_145' title='bbox 832 1367 954 1418; x_wconf 89' lang='lat' dir='ltr'><strong>longe</strong></span> <span class='ocrx_word' id='word_1_146' title='bbox 977 1367 1188 1419; x_wconf 86' lang='lat' dir='ltr'><strong>superavit</strong></span> <span class='ocrx_word' id='word_1_147' title='bbox 1208 1364 1467 1406; x_wconf 82' lang='lat' dir='ltr'><strong>Godofredus</strong></span> <span class='ocrx_word' id='word_1_148' title='bbox 1488 1365 1759 1421; x_wconf 85' lang='lat' dir='ltr'><strong>Hermannus,</strong></span> 
     </span>
     <span class='ocr_line' id='line_1_20' title="bbox 281 1434 1758 1488; baseline 0 -14"><span class='ocrx_word' id='word_1_149' title='bbox 281 1434 349 1488; x_wconf 88' lang='lat' dir='ltr'><strong>qui</strong></span> <span class='ocrx_word' id='word_1_150' title='bbox 369 1435 412 1474; x_wconf 92' lang='lat' dir='ltr'><strong>in</strong></span> <span class='ocrx_word' id='word_1_151' title='bbox 431 1435 609 1475; x_wconf 91' lang='lat' dir='ltr'><strong>editione</strong></span> <span class='ocrx_word' id='word_1_152' title='bbox 631 1447 706 1475; x_wconf 88' lang='lat' dir='ltr'><strong>sua</strong></span> <span class='ocrx_word' id='word_1_153' title='bbox 720 1438 763 1475; x_wconf 90' lang='lat' dir='ltr'><strong>et</strong></span> <span class='ocrx_word' id='word_1_154' title='bbox 777 1435 915 1475; x_wconf 88' lang='lat' dir='ltr'><strong>verbis</strong></span> <span class='ocrx_word' id='word_1_155' title='bbox 931 1435 1194 1475; x_wconf 87' lang='lat' dir='ltr'><strong>emendandis</strong></span> <span class='ocrx_word' id='word_1_156' title='bbox 1210 1438 1252 1474; x_wconf 88' lang='lat' dir='ltr'><strong>et</strong></span> <span class='ocrx_word' id='word_1_157' title='bbox 1269 1434 1482 1474; x_wconf 88' lang='lat' dir='ltr'><strong>sententiis</strong></span> <span class='ocrx_word' id='word_1_158' title='bbox 1497 1434 1758 1474; x_wconf 86' lang='lat' dir='ltr'><strong>enucleandis</strong></span> 
     </span>
     <span class='ocr_line' id='line_1_21' title="bbox 280 1502 1759 1556; baseline 0.001 -15"><span class='ocrx_word' id='word_1_159' title='bbox 280 1505 440 1542; x_wconf 87' lang='lat' dir='ltr'><strong>tantum</strong></span> <span class='ocrx_word' id='word_1_160' title='bbox 477 1504 707 1555; x_wconf 86' lang='lat' dir='ltr'><strong>praestitit,</strong></span> <span class='ocrx_word' id='word_1_161' title='bbox 752 1505 799 1542; x_wconf 90' lang='lat' dir='ltr'><strong>ut</strong></span> <span class='ocrx_word' id='word_1_162' title='bbox 829 1503 996 1543; x_wconf 89' lang='lat' dir='ltr'><strong>dubium</strong></span> <span class='ocrx_word' id='word_1_163' title='bbox 1022 1510 1101 1555; x_wconf 80' lang='lat' dir='ltr'><strong>non</strong></span> <span class='ocrx_word' id='word_1_164' title='bbox 1130 1504 1201 1552; x_wconf 88' lang='lat' dir='ltr'><strong>sit,</strong></span> <span class='ocrx_word' id='word_1_165' title='bbox 1252 1503 1348 1556; x_wconf 92' lang='lat' dir='ltr'><strong>quin</strong></span> <span class='ocrx_word' id='word_1_166' title='bbox 1377 1502 1612 1542; x_wconf 86' lang='lat' dir='ltr'><strong>Ruhnkenii</strong></span> <span class='ocrx_word' id='word_1_167' title='bbox 1636 1503 1759 1542; x_wconf 89' lang='lat' dir='ltr'><strong>etiam</strong></span> 
     </span>
     <span class='ocr_line' id='line_1_22' title="bbox 281 1570 1758 1626; baseline 0 -15"><span class='ocrx_word' id='word_1_168' title='bbox 281 1570 425 1612; x_wconf 88' lang='lat' dir='ltr'><strong>laudes</strong></span> <span class='ocrx_word' id='word_1_169' title='bbox 456 1571 761 1626; x_wconf 85' lang='lat' dir='ltr'><strong>adaequaverit.</strong></span> <span class='ocrx_word' id='word_1_170' title='bbox 810 1571 910 1612; x_wconf 87' lang='lat' dir='ltr'><strong>Post</strong></span> <span class='ocrx_word' id='word_1_171' title='bbox 929 1571 1210 1612; x_wconf 89' lang='lat' dir='ltr'><strong>Hermannum</strong></span> <span class='ocrx_word' id='word_1_172' title='bbox 1228 1571 1339 1611; x_wconf 83' lang='lat' dir='ltr'><strong>Frid.</strong></span> <span class='ocrx_word' id='word_1_173' title='bbox 1360 1571 1567 1611; x_wconf 86' lang='lat' dir='ltr'><strong>Frankius</strong></span> <span class='ocrx_word' id='word_1_174' title='bbox 1583 1571 1758 1624; x_wconf 89' lang='lat' dir='ltr'><strong>hymnos</strong></span> 
     </span>
     <span class='ocr_line' id='line_1_23' title="bbox 282 1640 1759 1693; baseline 0 -13"><span class='ocrx_word' id='word_1_175' title='bbox 282 1640 334 1680; x_wconf 88' lang='lat' dir='ltr'><strong>ad</strong></span> <span class='ocrx_word' id='word_1_176' title='bbox 362 1641 607 1692; x_wconf 83' lang='lat' dir='ltr'><strong>optimarum</strong></span> <span class='ocrx_word' id='word_1_177' title='bbox 634 1641 858 1680; x_wconf 89' lang='lat' dir='ltr'><strong>editionum</strong></span> <span class='ocrx_word' id='word_1_178' title='bbox 886 1640 1008 1680; x_wconf 91' lang='lat' dir='ltr'><strong>fidem</strong></span> <span class='ocrx_word' id='word_1_179' title='bbox 1037 1640 1243 1681; x_wconf 87' lang='lat' dir='ltr'><strong>recensuit</strong></span> <span class='ocrx_word' id='word_1_180' title='bbox 1273 1645 1315 1680; x_wconf 91' lang='lat' dir='ltr'><strong>et</strong></span> <span class='ocrx_word' id='word_1_181' title='bbox 1346 1640 1503 1680; x_wconf 89' lang='lat' dir='ltr'><strong>delectu</strong></span> <span class='ocrx_word' id='word_1_182' title='bbox 1527 1640 1759 1693; x_wconf 91' lang='lat' dir='ltr'><strong>opinionum</strong></span> 
     </span>
    </p>

    <p class='ocr_par' dir='ltr' id='par_1_6' title="bbox 232 1709 1763 2857">
     <span class='ocr_line' id='line_1_24' title="bbox 281 1709 1761 1763; baseline 0.001 -14"><span class='ocrx_word' id='word_1_183' title='bbox 281 1709 420 1750; x_wconf 87' lang='lat' dir='ltr'><strong>habito</strong></span> <span class='ocrx_word' id='word_1_184' title='bbox 459 1722 530 1750; x_wconf 89' lang='lat' dir='ltr'><strong>eos</strong></span> <span class='ocrx_word' id='word_1_185' title='bbox 568 1710 677 1750; x_wconf 90' lang='lat' dir='ltr'><strong>notis</strong></span> <span class='ocrx_word' id='word_1_186' title='bbox 711 1711 907 1751; x_wconf 81' lang='lat' dir='ltr'><strong>instruxit</strong></span> <span class='ocrx_word' id='word_1_187' title='bbox 931 1710 1188 1763; x_wconf 89' lang='lat' dir='ltr'><strong>potissimum</strong></span> <span class='ocrx_word' id='word_1_188' title='bbox 1212 1709 1490 1750; x_wconf 86' lang='lat' dir='ltr'><strong>Hermannum</strong></span> <span class='ocrx_word' id='word_1_189' title='bbox 1518 1710 1761 1762; x_wconf 87' lang='lat' dir='ltr'><strong>magistrum</strong></span> 
     </span>
     <span class='ocr_line' id='line_1_25' title="bbox 232 1762 1759 1835; baseline 0.001 -17"><span class='ocrx_word' id='word_1_190' title='bbox 232 1762 244 1773; x_wconf 52' lang='lat'>⁸</span> <span class='ocrx_word' id='word_1_191' title='bbox 281 1780 458 1818; x_wconf 88' lang='lat' dir='ltr'><strong>secutus.</strong></span> <span class='ocrx_word' id='word_1_192' title='bbox 517 1778 576 1818; x_wconf 92' lang='lat' dir='ltr'><strong>At</strong></span> <span class='ocrx_word' id='word_1_193' title='bbox 612 1779 728 1819; x_wconf 87' lang='lat' dir='ltr'><strong>libris</strong></span> <span class='ocrx_word' id='word_1_194' title='bbox 763 1779 1072 1833; x_wconf 86' lang='lat' dir='ltr'><strong>manuscriptis,</strong></span> <span class='ocrx_word' id='word_1_195' title='bbox 1121 1779 1190 1833; x_wconf 94' lang='lat' dir='ltr'><strong>qui</strong></span> <span class='ocrx_word' id='word_1_196' title='bbox 1229 1778 1457 1835; x_wconf 86' lang='lat' dir='ltr'><strong>certissima</strong></span> <span class='ocrx_word' id='word_1_197' title='bbox 1487 1792 1580 1819; x_wconf 87' lang='lat' dir='ltr'><strong>esse</strong></span> <span class='ocrx_word' id='word_1_198' title='bbox 1610 1780 1759 1820; x_wconf 90' lang='lat' dir='ltr'><strong>debent</strong></span> 
     </span>
     <span class='ocr_line' id='line_1_26' title="bbox 277 1848 1759 1902; baseline 0 -15"><span class='ocrx_word' id='word_1_199' title='bbox 277 1848 543 1888; x_wconf 87' lang='lat' dir='ltr'><strong>fundamenta</strong></span> <span class='ocrx_word' id='word_1_200' title='bbox 582 1861 751 1900; x_wconf 88' lang='lat' dir='ltr'><strong>operum</strong></span> <span class='ocrx_word' id='word_1_201' title='bbox 788 1851 975 1888; x_wconf 83' lang='lat' dir='ltr'><strong>veterum</strong></span> <span class='ocrx_word' id='word_1_202' title='bbox 1015 1848 1259 1900; x_wconf 86' lang='lat' dir='ltr'><strong>scriptorum</strong></span> <span class='ocrx_word' id='word_1_203' title='bbox 1289 1848 1552 1897; x_wconf 90' lang='lat' dir='ltr'><strong>edendorum,</strong></span> <span class='ocrx_word' id='word_1_204' title='bbox 1603 1861 1653 1887; x_wconf 90' lang='lat' dir='ltr'><strong>ea</strong></span> <span class='ocrx_word' id='word_1_205' title='bbox 1679 1861 1759 1902; x_wconf 89' lang='lat' dir='ltr'><strong>qua</strong></span> 
     </span>
     <span class='ocr_line' id='line_1_27' title="bbox 278 1915 1758 1970; baseline 0.001 -15"><span class='ocrx_word' id='word_1_206' title='bbox 278 1927 354 1968; x_wconf 86' lang='lat' dir='ltr'><strong>par</strong></span> <span class='ocrx_word' id='word_1_207' title='bbox 381 1918 446 1955; x_wconf 89' lang='lat' dir='ltr'><strong>est</strong></span> <span class='ocrx_word' id='word_1_208' title='bbox 466 1916 693 1956; x_wconf 86' lang='lat' dir='ltr'><strong>subtilitate</strong></span> <span class='ocrx_word' id='word_1_209' title='bbox 712 1919 755 1957; x_wconf 90' lang='lat' dir='ltr'><strong>et</strong></span> <span class='ocrx_word' id='word_1_210' title='bbox 775 1917 990 1969; x_wconf 87' lang='lat' dir='ltr'><strong>diligentia</strong></span> <span class='ocrx_word' id='word_1_211' title='bbox 1010 1918 1157 1956; x_wconf 91' lang='lat' dir='ltr'><strong>neuter</strong></span> <span class='ocrx_word' id='word_1_212' title='bbox 1176 1929 1276 1956; x_wconf 89' lang='lat' dir='ltr'><strong>usus</strong></span> <span class='ocrx_word' id='word_1_213' title='bbox 1298 1919 1372 1955; x_wconf 87' lang='lat' dir='ltr'><strong>est.</strong></span> <span class='ocrx_word' id='word_1_214' title='bbox 1411 1915 1566 1956; x_wconf 86' lang='lat' dir='ltr'><strong>Nostra</strong></span> <span class='ocrx_word' id='word_1_215' title='bbox 1584 1916 1758 1970; x_wconf 88' lang='lat' dir='ltr'><strong>denique</strong></span> 
     </span>
     <span class='ocr_line' id='line_1_28' title="bbox 278 1981 1763 2037; baseline -0.001 -13"><span class='ocrx_word' id='word_1_216' title='bbox 278 1986 414 2024; x_wconf 84' lang='lat' dir='ltr'><strong>aetate</strong></span> <span class='ocrx_word' id='word_1_217' title='bbox 464 1984 605 2037; x_wconf 88' lang='lat' dir='ltr'><strong>hymni</strong></span> <span class='ocrx_word' id='word_1_218' title='bbox 655 1985 847 2024; x_wconf 90' lang='lat' dir='ltr'><strong>homerici</strong></span> <span class='ocrx_word' id='word_1_219' title='bbox 895 1985 1139 2024; x_wconf 84' lang='lat' dir='ltr'><strong>invenerunt</strong></span> <span class='ocrx_word' id='word_1_220' title='bbox 1178 1984 1395 2032; x_wconf 88' lang='lat' dir='ltr'><strong>editorem,</strong></span> <span class='ocrx_word' id='word_1_221' title='bbox 1451 1985 1519 2036; x_wconf 90' lang='lat' dir='ltr'><strong>qui</strong></span> <span class='ocrx_word' id='word_1_222' title='bbox 1558 1981 1763 2037; x_wconf 72' lang='lat' dir='ltr'><strong>&#39;apparatu</strong></span> 
     </span>
     <span class='ocr_line' id='line_1_29' title="bbox 279 2052 1759 2107; baseline 0 -14"><span class='ocrx_word' id='word_1_223' title='bbox 279 2052 418 2093; x_wconf 84' lang='lat' dir='ltr'><strong>critico</strong></span> <span class='ocrx_word' id='word_1_224' title='bbox 450 2053 519 2093; x_wconf 87' lang='lat' dir='ltr'><strong>via</strong></span> <span class='ocrx_word' id='word_1_225' title='bbox 545 2054 588 2094; x_wconf 91' lang='lat' dir='ltr'><strong>et</strong></span> <span class='ocrx_word' id='word_1_226' title='bbox 617 2053 776 2095; x_wconf 89' lang='lat' dir='ltr'><strong>ratione</strong></span> <span class='ocrx_word' id='word_1_227' title='bbox 807 2053 976 2095; x_wconf 88' lang='lat' dir='ltr'><strong>collecto</strong></span> <span class='ocrx_word' id='word_1_228' title='bbox 1007 2053 1058 2095; x_wconf 85' lang='lat' dir='ltr'><strong>iis</strong></span> <span class='ocrx_word' id='word_1_229' title='bbox 1081 2053 1291 2094; x_wconf 87' lang='lat' dir='ltr'><strong>subiunxit</strong></span> <span class='ocrx_word' id='word_1_230' title='bbox 1313 2052 1507 2103; x_wconf 87' lang='lat' dir='ltr'><strong>subsidia,</strong></span> <span class='ocrx_word' id='word_1_231' title='bbox 1538 2054 1684 2107; x_wconf 92' lang='lat' dir='ltr'><strong>quibus</strong></span> <span class='ocrx_word' id='word_1_232' title='bbox 1706 2053 1759 2093; x_wconf 90' lang='lat' dir='ltr'><strong>ad</strong></span> 
     </span>
     <span class='ocr_line' id='line_1_30' title="bbox 279 2120 1757 2175; baseline 0 -14"><span class='ocrx_word' id='word_1_233' title='bbox 279 2134 350 2174; x_wconf 76' lang='lat' dir='ltr'><strong>eos</strong></span> <span class='ocrx_word' id='word_1_234' title='bbox 388 2122 653 2173; x_wconf 86' lang='lat' dir='ltr'><strong>castigandos</strong></span> <span class='ocrx_word' id='word_1_235' title='bbox 694 2124 737 2163; x_wconf 89' lang='lat' dir='ltr'><strong>et</strong></span> <span class='ocrx_word' id='word_1_236' title='bbox 776 2123 1051 2162; x_wconf 88' lang='lat' dir='ltr'><strong>emendandos</strong></span> <span class='ocrx_word' id='word_1_237' title='bbox 1080 2135 1182 2175; x_wconf 89' lang='lat' dir='ltr'><strong>opus</strong></span> <span class='ocrx_word' id='word_1_238' title='bbox 1210 2124 1286 2161; x_wconf 90' lang='lat' dir='ltr'><strong>est.</strong></span> <span class='ocrx_word' id='word_1_239' title='bbox 1345 2122 1509 2162; x_wconf 89' lang='lat' dir='ltr'><strong>Etenim</strong></span> <span class='ocrx_word' id='word_1_240' title='bbox 1539 2120 1757 2161; x_wconf 86' lang='lat' dir='ltr'><strong>Schneide-</strong></span> 
     </span>
     <span class='ocr_line' id='line_1_31' title="bbox 278 2189 1758 2242; baseline 0.001 -13"><span class='ocrx_word' id='word_1_241' title='bbox 278 2189 412 2230; x_wconf 87' lang='lat' dir='ltr'><strong>winus</strong></span> <span class='ocrx_word' id='word_1_242' title='bbox 441 2202 517 2242; x_wconf 90' lang='lat' dir='ltr'><strong>per</strong></span> <span class='ocrx_word' id='word_1_243' title='bbox 545 2189 596 2230; x_wconf 90' lang='lat' dir='ltr'><strong>H.</strong></span> <span class='ocrx_word' id='word_1_244' title='bbox 611 2190 787 2231; x_wconf 90' lang='lat' dir='ltr'><strong>Keilium</strong></span> <span class='ocrx_word' id='word_1_245' title='bbox 816 2205 857 2232; x_wconf 88' lang='lat' dir='ltr'><strong>v.</strong></span> <span class='ocrx_word' id='word_1_246' title='bbox 878 2192 928 2242; x_wconf 91' lang='lat' dir='ltr'><strong>d.,</strong></span> <span class='ocrx_word' id='word_1_247' title='bbox 949 2192 1121 2232; x_wconf 87' lang='lat' dir='ltr'><strong>duorum</strong></span> <span class='ocrx_word' id='word_1_248' title='bbox 1140 2192 1334 2232; x_wconf 87' lang='lat' dir='ltr'><strong>librorum</strong></span> <span class='ocrx_word' id='word_1_249' title='bbox 1353 2192 1593 2232; x_wconf 89' lang='lat' dir='ltr'><strong>collationes</strong></span> <span class='ocrx_word' id='word_1_250' title='bbox 1613 2193 1758 2231; x_wconf 90' lang='lat' dir='ltr'><strong>nactus</strong></span> 
     </span>
     <span class='ocr_line' id='line_1_32' title="bbox 279 2259 1757 2313; baseline 0.001 -15"><span class='ocrx_word' id='word_1_251' title='bbox 279 2270 327 2298; x_wconf 89' lang='lat' dir='ltr'><strong>ac</strong></span> <span class='ocrx_word' id='word_1_252' title='bbox 366 2261 585 2313; x_wconf 88' lang='lat' dir='ltr'><strong>postquam</strong></span> <span class='ocrx_word' id='word_1_253' title='bbox 624 2259 803 2300; x_wconf 89' lang='lat' dir='ltr'><strong>codicem</strong></span> <span class='ocrx_word' id='word_1_254' title='bbox 843 2260 1170 2301; x_wconf 87' lang='lat' dir='ltr'><strong>Moscoviensem</strong></span> <span class='ocrx_word' id='word_1_255' title='bbox 1222 2261 1346 2313; x_wconf 92' lang='lat' dir='ltr'><strong>(nunc</strong></span> <span class='ocrx_word' id='word_1_256' title='bbox 1370 2259 1628 2311; x_wconf 89' lang='lat' dir='ltr'><strong>Leidensem)</strong></span> <span class='ocrx_word' id='word_1_257' title='bbox 1669 2261 1757 2313; x_wconf 89' lang='lat' dir='ltr'><strong>ipse</strong></span> 
     </span>
     <span class='ocr_line' id='line_1_33' title="bbox 278 2328 1759 2386; baseline 0.001 -19"><span class='ocrx_word' id='word_1_258' title='bbox 278 2328 411 2367; x_wconf 90' lang='lat' dir='ltr'><strong>denuo</strong></span> <span class='ocrx_word' id='word_1_259' title='bbox 454 2329 658 2386; x_wconf 85' lang='lat' dir='ltr'><strong>excussit,</strong></span> <span class='ocrx_word' id='word_1_260' title='bbox 697 2329 829 2370; x_wconf 88' lang='lat' dir='ltr'><strong>animo</strong></span> <span class='ocrx_word' id='word_1_261' title='bbox 867 2329 999 2371; x_wconf 71' lang='lat' dir='ltr'><strong>volvit</strong></span> <span class='ocrx_word' id='word_1_262' title='bbox 1027 2330 1148 2370; x_wconf 92' lang='lat' dir='ltr'><strong>edere</strong></span> <span class='ocrx_word' id='word_1_263' title='bbox 1177 2330 1352 2384; x_wconf 84' lang='lat' dir='ltr'><strong>hymnos</strong></span> <span class='ocrx_word' id='word_1_264' title='bbox 1381 2329 1616 2370; x_wconf 89' lang='lat' dir='ltr'><strong>homericos.</strong></span> <span class='ocrx_word' id='word_1_265' title='bbox 1676 2328 1759 2370; x_wconf 84' lang='lat' dir='ltr'><strong>Sed</strong></span> 
     </span>
     <span class='ocr_line' id='line_1_34' title="bbox 280 2397 1757 2454; baseline 0.001 -17"><span class='ocrx_word' id='word_1_266' title='bbox 280 2409 385 2437; x_wconf 84' lang='lat' dir='ltr'><strong>anno</strong></span> <span class='ocrx_word' id='word_1_267' title='bbox 428 2399 538 2438; x_wconf 85' lang='lat'>1856</span> <span class='ocrx_word' id='word_1_268' title='bbox 571 2401 831 2452; x_wconf 87' lang='lat' dir='ltr'><strong>praematura</strong></span> <span class='ocrx_word' id='word_1_269' title='bbox 862 2402 993 2440; x_wconf 89' lang='lat' dir='ltr'><strong>morte</strong></span> <span class='ocrx_word' id='word_1_270' title='bbox 1030 2400 1225 2454; x_wconf 87' lang='lat' dir='ltr'><strong>abreptus</strong></span> <span class='ocrx_word' id='word_1_271' title='bbox 1263 2401 1339 2440; x_wconf 89' lang='lat' dir='ltr'><strong>est.</strong></span> <span class='ocrx_word' id='word_1_272' title='bbox 1401 2399 1561 2446; x_wconf 83' lang='lat' dir='ltr'><strong>Quibus</strong></span> <span class='ocrx_word' id='word_1_273' title='bbox 1591 2397 1757 2440; x_wconf 86' lang='lat' dir='ltr'><strong>Schnei-</strong></span> 
     </span>
     <span class='ocr_line' id='line_1_35' title="bbox 280 2461 1758 2522; baseline 0.002 -17"><span class='ocrx_word' id='word_1_274' title='bbox 280 2466 430 2506; x_wconf 86' lang='lat' dir='ltr'><strong>dewini</strong></span> <span class='ocrx_word' id='word_1_275' title='bbox 465 2467 660 2508; x_wconf 88' lang='lat' dir='ltr'><strong>subsidiis</strong></span> <span class='ocrx_word' id='word_1_276' title='bbox 690 2468 916 2509; x_wconf 90' lang='lat' dir='ltr'><strong>instructus</strong></span> <span class='ocrx_word' id='word_1_277' title='bbox 947 2470 989 2509; x_wconf 91' lang='lat' dir='ltr'><strong>et</strong></span> <span class='ocrx_word' id='word_1_278' title='bbox 1019 2468 1163 2509; x_wconf 91' lang='lat' dir='ltr'><strong>intima</strong></span> <span class='ocrx_word' id='word_1_279' title='bbox 1192 2461 1487 2518; x_wconf 85' lang='lat' dir='ltr'><strong>familiaritate,</strong></span> <span class='ocrx_word' id='word_1_280' title='bbox 1528 2480 1648 2522; x_wconf 88' lang='lat' dir='ltr'><strong>quam</strong></span> <span class='ocrx_word' id='word_1_281' title='bbox 1677 2469 1758 2509; x_wconf 92' lang='lat' dir='ltr'><strong>iam</strong></span> 
     </span>
     <span class='ocr_line' id='line_1_36' title="bbox 279 2535 1757 2590; baseline 0.002 -16"><span class='ocrx_word' id='word_1_282' title='bbox 279 2535 433 2575; x_wconf 90' lang='lat' dir='ltr'><strong>dudum</strong></span> <span class='ocrx_word' id='word_1_283' title='bbox 463 2549 555 2576; x_wconf 84' lang='lat' dir='ltr'><strong>cum</strong></span> <span class='ocrx_word' id='word_1_284' title='bbox 574 2536 741 2577; x_wconf 88' lang='lat' dir='ltr'><strong>Homeri</strong></span> <span class='ocrx_word' id='word_1_285' title='bbox 762 2537 1008 2578; x_wconf 84' lang='lat' dir='ltr'><strong>carminibus</strong></span> <span class='ocrx_word' id='word_1_286' title='bbox 1028 2538 1262 2587; x_wconf 89' lang='lat' dir='ltr'><strong>minoribus,</strong></span> <span class='ocrx_word' id='word_1_287' title='bbox 1290 2548 1393 2590; x_wconf 89' lang='lat' dir='ltr'><strong>quae</strong></span> <span class='ocrx_word' id='word_1_288' title='bbox 1413 2539 1574 2587; x_wconf 81' lang='lat' dir='ltr'><strong>vocant,</strong></span> <span class='ocrx_word' id='word_1_289' title='bbox 1605 2537 1757 2586; x_wconf 87' lang='lat' dir='ltr'><strong>habuit,</strong></span> 
     </span>
     <span class='ocr_line' id='line_1_37' title="bbox 279 2604 1758 2661; baseline 0.001 -17"><span class='ocrx_word' id='word_1_290' title='bbox 279 2604 433 2658; x_wconf 85' lang='lat' dir='ltr'><strong>„quasi</strong></span> <span class='ocrx_word' id='word_1_291' title='bbox 461 2604 701 2646; x_wconf 86' lang='lat' dir='ltr'><strong>indicatus“</strong></span> <span class='ocrx_word' id='word_1_292' title='bbox 732 2630 787 2636; x_wconf 97' lang='lat'><strong>—</strong></span> <span class='ocrx_word' id='word_1_293' title='bbox 817 2606 1067 2660; x_wconf 87' lang='lat' dir='ltr'><strong>Koechly</strong></span> <span class='ocrx_word' id='word_1_294' title='bbox 1096 2606 1138 2646; x_wconf 93' lang='lat' dir='ltr'><strong>in</strong></span> <span class='ocrx_word' id='word_1_295' title='bbox 1164 2617 1369 2659; x_wconf 87' lang='lat' dir='ltr'><strong>program.</strong></span> <span class='ocrx_word' id='word_1_296' title='bbox 1399 2605 1532 2646; x_wconf 81' lang='lat' dir='ltr'><strong>Turio.</strong></span> <span class='ocrx_word' id='word_1_297' title='bbox 1558 2616 1598 2661; x_wconf 76' lang='lat' dir='ltr'><strong>a.</strong></span> <span class='ocrx_word' id='word_1_298' title='bbox 1622 2607 1758 2655; x_wconf 69' lang='lat'>1856„</span> 
     </span>
     <span class='ocr_line' id='line_1_38' title="bbox 278 2671 1756 2728; baseline 0.001 -16"><span class='ocrx_word' id='word_1_299' title='bbox 278 2671 588 2713; x_wconf 87' lang='lat' dir='ltr'><strong>Baumeisterus</strong></span> <span class='ocrx_word' id='word_1_300' title='bbox 619 2674 660 2713; x_wconf 93' lang='lat' dir='ltr'><strong>in</strong></span> <span class='ocrx_word' id='word_1_301' title='bbox 687 2674 783 2723; x_wconf 83' lang='lat' dir='ltr'><strong>edit.</strong></span> <span class='ocrx_word' id='word_1_302' title='bbox 813 2675 950 2728; x_wconf 90' lang='lat' dir='ltr'><strong>hymn.</strong></span> <span class='ocrx_word' id='word_1_303' title='bbox 980 2675 1106 2727; x_wconf 85' lang='lat' dir='ltr'><strong>praef.</strong></span> <span class='ocrx_word' id='word_1_304' title='bbox 1137 2687 1205 2727; x_wconf 93' lang='lat' dir='ltr'><strong>pg.</strong></span> <span class='ocrx_word' id='word_1_305' title='bbox 1235 2674 1276 2714; x_wconf 90' lang='lat' dir='ltr'><strong>V</strong></span> <span class='ocrx_word' id='word_1_306' title='bbox 1297 2697 1364 2723; x_wconf 91' lang='lat'><strong>—,</strong></span> <span class='ocrx_word' id='word_1_307' title='bbox 1402 2673 1620 2726; x_wconf 86' lang='lat' dir='ltr'><strong>Augustus</strong></span> <span class='ocrx_word' id='word_1_308' title='bbox 1649 2673 1756 2714; x_wconf 91' lang='lat' dir='ltr'><strong>Bau-</strong></span> 
     </span>
     <span class='ocr_line' id='line_1_39' title="bbox 279 2741 1758 2798; baseline 0.001 -17"><span class='ocrx_word' id='word_1_309' title='bbox 279 2741 516 2789; x_wconf 87' lang='lat' dir='ltr'><strong>meisterus‚</strong></span> <span class='ocrx_word' id='word_1_310' title='bbox 568 2754 603 2783; x_wconf 90' lang='lat' dir='ltr'><strong>a.</strong></span> <span class='ocrx_word' id='word_1_311' title='bbox 636 2744 749 2784; x_wconf 88' lang='grc'>1860</span> <span class='ocrx_word' id='word_1_312' title='bbox 788 2743 916 2785; x_wconf 90' lang='lat' dir='ltr'><strong>edidit</strong></span> <span class='ocrx_word' id='word_1_313' title='bbox 952 2744 1126 2798; x_wconf 87' lang='lat' dir='ltr'><strong>hymnos</strong></span> <span class='ocrx_word' id='word_1_314' title='bbox 1164 2743 1389 2784; x_wconf 87' lang='lat' dir='ltr'><strong>homericos</strong></span> <span class='ocrx_word' id='word_1_315' title='bbox 1427 2757 1518 2785; x_wconf 92' lang='lat' dir='ltr'><strong>cum</strong></span> <span class='ocrx_word' id='word_1_316' title='bbox 1558 2744 1758 2797; x_wconf 85' lang='lat' dir='ltr'><strong>apparatu</strong></span> 
     </span>
     <span class='ocr_line' id='line_1_40' title="bbox 279 2810 1429 2857; baseline 0.003 -8"><span class='ocrx_word' id='word_1_317' title='bbox 279 2810 418 2850; x_wconf 91' lang='lat' dir='ltr'><strong>critico</strong></span> <span class='ocrx_word' id='word_1_318' title='bbox 449 2813 492 2851; x_wconf 94' lang='lat' dir='ltr'><strong>et</strong></span> <span class='ocrx_word' id='word_1_319' title='bbox 516 2813 623 2852; x_wconf 89' lang='lat' dir='ltr'><strong>notis</strong></span> <span class='ocrx_word' id='word_1_320' title='bbox 642 2826 748 2857; x_wconf 73' lang='lat' dir='ltr'><strong>,cum</strong></span> <span class='ocrx_word' id='word_1_321' title='bbox 777 2813 985 2854; x_wconf 81' lang='lat' dir='ltr'><strong>variorum</strong></span> <span class='ocrx_word' id='word_1_322' title='bbox 1013 2816 1101 2853; x_wconf 91' lang='lat' dir='ltr'><strong>tum</strong></span> <span class='ocrx_word' id='word_1_323' title='bbox 1131 2813 1217 2853; x_wconf 91' lang='lat' dir='ltr'><strong>suis</strong></span> <span class='ocrx_word' id='word_1_324' title='bbox 1248 2812 1429 2854; x_wconf 86' lang='lat' dir='ltr'><strong>adiectis.</strong></span> 
     </span>
    </p>
   </div>
   <div class='ocr_carea' id='block_1_6' title="bbox 1944 1296 1981 2829">
    <p class='ocr_par' dir='ltr' id='par_1_7' title="bbox 1944 1296 1981 2829">
     <span class='ocr_line' id='line_1_41' title="bbox 1944 1296 1981 2829; baseline 0 0"><span class='ocrx_word' id='word_1_325' title='bbox 1944 1296 1981 2829; x_wconf 95' lang='lat' dir='ltr'><strong> </strong></span> 
     </span>
    </p>
   </div>
  </div>
 </body>
</html>
