1981 3160
799 163 1085 202 ...13-

209 272 372 337 'Optimo
402 284 530 337 igitur
558 285 646 325 iure
668 284 962 337 Bernhardyus
978 284 995 308 ²
1015 285 1212 324 excitavit
1233 285 1400 334 animos,
1431 285 1478 323 ut
1498 283 1683 337 anquire-

207 354 338 403 retuec,
389 355 590 407 quatenus
645 365 693 393 ac
753 352 900 406 quibus
944 352 1067 392 rebus
1110 352 1354 406 hymnorum
1390 341 1684 392 homericorum

210 421 370 463 dicendi
415 435 546 474 genus
591 423 633 462 et
673 434 765 461 cum
798 420 975 461 Homero
1012 422 1055 460 et
1088 433 1179 461 cum
1218 421 1398 462 Hesiodo
1436 421 1684 462 consentiret

208 491 331 544 atque
371 489 616 531 abhorreret.
676 489 794 544 Quae
830 488 1014 543 quaestio
1055 490 1120 529 est
1160 501 1258 529 sane
1298 488 1550 539 difficillima,
1589 488 1683 543 quia

207 559 259 599 de
288 559 454 600 Homeri
480 572 523 599 re
553 560 722 600 metrica
750 559 889 612 plures
919 560 1086 599 exstent
1116 559 1230 609 libri,
1258 559 1309 599 de
1335 559 1505 599 Hesiodi
1533 559 1682 608 nullus,

208 609 352 682 quoats
367 629 472 679 scio,
511 641 559 669 ac
591 629 686 683 quia
716 641 828 678 eum,
860 627 929 681 qui
949 627 1011 667 'ad
1037 627 1142 668 hanc
1170 640 1255 667 rem
1279 628 1465 678 accedat,
1497 641 1599 681 opus
1628 627 1682 667 sit

208 699 250 736 et
270 707 381 737 'cum
409 697 576 738 Homeri
614 700 656 737 et
692 710 783 737 cum
811 696 981 736 Hesiodi
1019 696 1208 748 operibus
1238 696 1379 736 intima
1408 696 1680 736 familiaritate

174 769 178 774 '
208 778 302 805 esse
333 766 588 806 coniunctum
621 768 662 806 et
692 766 734 805 in
763 768 935 818 utroque
963 766 1085 817 poeta
1115 764 1231 818 quasi
1259 765 1453 806 habitare.
1512 764 1682 805 Interim

206 833 442 887 priusquam
491 835 586 874 talis
628 834 692 873 vir
726 832 951 882 exstiterit,
1002 845 1150 885 operae
1188 833 1266 872 erit
1305 833 1482 885 pretium
1518 833 1681 885 singula

207 901 401 955 colligere
430 908 472 943 et
502 902 746 943 examinare.
806 901 928 948 Quod
947 900 1204 954 Bernhardyi
1223 903 1485 954 praeceptum
1505 902 1680 942 maxime

205 971 303 1010 mihi
352 971 497 1011 cadere
544 971 710 1011 videtur
747 971 790 1010 in
828 971 1001 1023 hymnos
1042 970 1084 1009 in
1124 970 1370 1010 Mercurium
1409 973 1452 1011 et
1490 971 1679 1020 Cererem

206 1040 423 1090 confectos,
436 1039 596 1080 minime
617 1053 715 1080 vero
735 1039 778 1080 in
796 1052 900 1089 eum,
926 1039 977 1079 de
999 1051 1078 1093 quo
1098 1039 1270 1091 agimus,
1301 1040 1506 1093 hymnum,
1529 1033 1678 1094 quippe

206 1108 275 1162 qui
308 1108 392 1149 fere
435 1109 555 1149 nimis
596 1109 822 1149 homericus
865 1121 957 1148 esse
984 1108 1173 1149 videatur
1200 1121 1247 1148 ac
1276 1121 1405 1162 paene
1432 1109 1490 1149 nil
1519 1109 1679 1159 habeat,

205 1178 314 1230 quod
345 1190 514 1230 prorsus
545 1190 569 1217 a
598 1178 889 1218 consuetudine
916 1177 1120 1216 homerica
1148 1177 1374 1217 abhorreat.
1391 1177 1408 1201 ²
1465 1177 1528 1217 Ac
1555 1191 1678 1231 quum

205 1246 254 1285 ab
294 1246 386 1286 aliis
428 1247 529 1286 viris
562 1247 694 1286 doctis
730 1246 791 1286 uti
833 1259 858 1285 a
904 1245 1086 1285 Koehnio
1101 1244 1118 1269 ³
1148 1246 1341 1286 nonnulla
1371 1259 1426 1286 ex
1450 1246 1599 1300 hymno
1628 1247 1680 1286 ad

206 1313 456 1355 Hesiodeum
478 1328 610 1368 genus
631 1314 791 1355 dicendi
811 1315 977 1367 propius
995 1315 1228 1355 accedentia
1247 1315 1328 1355 sint
1345 1315 1526 1365 collecta,
1545 1316 1677 1366 timeo,

202 1396 254 1423 ne
283 1384 380 1424 mihi
408 1396 540 1437 pauca
571 1385 653 1425 sint
680 1384 843 1434 relicta,
882 1396 986 1438 quae
1016 1384 1181 1434 addam,
1212 1396 1455 1438 quamquam
1483 1385 1558 1425 hoc
1588 1385 1676 1425 loco

205 1453 415 1505 expressis
441 1454 579 1493 verbis
609 1453 759 1494 dictum
788 1466 880 1493 esse
909 1453 1015 1503 volo,
1045 1466 1170 1492 unum
1200 1455 1385 1499 nostrum
1412 1454 1605 1507 hymnum
1625 1455 1675 1494 ab

202 1519 374 1562 Hesiodi
400 1535 552 1574 genere
581 1522 741 1562 dicendi
771 1535 940 1575 prorsus
967 1522 1168 1572 recedere,
1198 1524 1359 1563 ceteros
1382 1536 1480 1563 vero
1502 1523 1675 1577 hymnos

206 1591 259 1630 ad
294 1590 336 1630 id
362 1592 495 1644 magis
522 1591 707 1632 minusve
737 1591 905 1644 propius
932 1592 1135 1631 accedere.
1576 1634 1578 1636 ,

318 1659 515 1701 Venimus
529 1659 547 1685 4
576 1661 715 1713 igiturv
741 1673 847 1701 nunc
888 1661 940 1700 ad
974 1661 1150 1713 priorem
1178 1660 1299 1700 huius
1330 1660 1475 1713 capitis
1505 1664 1675 1715 partem,

201 1741 304 1782 quae
335 1731 400 1769 est
427 1730 480 1769 'de
509 1730 650 1783 hymni
678 1743 724 1770 re
751 1730 930 1770 metrica.

293 1884 329 1930 1)
353 1884 379 1920 l.
403 1884 429 1920 1.
453 1884 518 1926 11⁸,
545 1885 563 1920 1
588 1896 647 1930 pg.
666 1885 735 1921 222
758 1887 795 1920 et
819 1884 972 1929 saepius.

293 1953 328 1998 2)
350 1952 535 1988 Windisch
560 1952 603 1987 de
625 1952 747 1997 hymn.
770 1953 913 1988 Homer.
938 1952 1061 1988 maior.
1089 1953 1184 1997 Lips.
1213 1953 1314 1994 1867,
1339 1963 1425 1997 pgg.
1442 1953 1497 1988 41.
1523 1954 1579 1989 55.

291 2020 328 2066 3)
352 2020 535 2056 Koehnius
567 2020 798 2064 Quaestiones
828 2021 965 2057 metric.
990 2023 1028 2057 et
1049 2031 1198 2066 gramm.
1231 2020 1274 2056 de
1303 2020 1424 2066 hymn.
1457 2021 1563 2056 Hom.
1588 2021 1671 2056 Hal.

200 2079 310 2121 18653
332 2077 542 2113 Fietkavius
568 2078 637 2120 ‚De
661 2079 856 2114 carminum
881 2077 1140 2114 Hesiodeorum
1164 2080 1271 2123 atque
1292 2077 1504 2122 hymnorum
1520 2080 1673 2124 quatuor

198 2137 413 2181 magnorum
437 2134 618 2171 vocabulis
640 2146 712 2171 non
737 2135 959 2179 Homericis‚‘
982 2135 1207 2182 Regiomont.
1230 2135 1289 2171 Pr.
1307 2137 1408 2173 1866.

287 2205 324 2250 4)
347 2204 600 2240 Adnotandum
633 2207 710 2247 est,
761 2205 792 2241 si
823 2205 993 2252 exemplis
1019 2216 1061 2241 ex
1084 2204 1232 2241 Homeri
1256 2204 1472 2241 carminibus
1507 2205 1671 2250 petendis

198 2272 341 2306 egeam,
367 2262 454 2298 haec
477 2273 499 2298 a
521 2273 578 2298 me
603 2273 622 2298 e
644 2262 758 2307 primo
774 2262 900 2298 Iliadis
925 2262 1016 2299 libro
1032 2263 1241 2308 plerumque
1257 2264 1401 2308 sumpta
1421 2273 1515 2305 esse,
1541 2263 1671 2308 quippe

197 2319 235 2355 in
260 2330 329 2365 quo
360 2319 510 2355 minima
540 2320 820 2365 corruptelarum
842 2320 998 2366 vestigia
1021 2322 1159 2356 exstare
1188 2321 1414 2358 notissimum
1438 2320 1496 2355 sit.
1552 2320 1670 2366 Atque

197 2377 265 2413 hoc
288 2377 365 2413 loco
381 2377 725 2414 commemorandum
751 2380 824 2420 est,
848 2389 906 2414 me
929 2378 968 2414 in
992 2377 1234 2414 examinandis
1259 2377 1382 2423 hymni
1406 2379 1443 2413 et
1461 2389 1498 2413 re
1522 2379 1671 2414 metrica

199 2436 236 2470 et
259 2434 415 2470 dictione
439 2435 562 2470 eadem
585 2435 726 2470 ratione
750 2436 825 2471 sive
849 2435 1018 2471 methodo
1043 2445 1120 2471 esse
1143 2446 1258 2477 usum,
1287 2445 1393 2480 quam
1406 2434 1670 2470 adhibetGeor·

198 2491 280 2538 gius
303 2490 461 2535 Curtius,
495 2492 551 2528 vir
583 2492 810 2529 doctissimus
843 2492 1143 2539 clarissimusque,
1167 2493 1206 2528 in
1230 2492 1360 2528 scholis
1385 2491 1429 2528 de
1455 2491 1670 2528 carminibus

197 2548 345 2584 Homeri
375 2548 529 2591 habitis,
564 2559 652 2595 quas
682 2550 721 2584 in
753 2549 820 2585 hoc
849 2549 972 2585 libello
996 2549 1247 2585 conscribendo
1271 2548 1479 2594 saepissime
1503 2549 1541 2584 in
1566 2560 1670 2585 usum

196 2603 351 2652 sumpsi,
380 2605 605 2652 potissimum
631 2607 670 2643 in
693 2617 736 2643 ea
756 2609 872 2653 parte,
902 2617 993 2653 quae
1018 2608 1072 2644 est
1097 2607 1140 2644 de
1163 2617 1202 2643 re
1231 2606 1377 2643 metrica
1401 2606 1526 2652 hymni
1552 2608 1589 2643 et
1612 2606 1668 2642 di-

197 2663 324 2699 ctione.
353 2663 496 2699 Etenim
521 2665 553 2699 si
577 2665 657 2710 quis
683 2667 817 2700 certum
841 2665 885 2700 de
909 2675 946 2700 re
964 2665 1112 2701 metrica
1127 2664 1336 2710 dicendique
1351 2675 1483 2710 genere
1499 2664 1669 2700 iudicium

197 2720 393 2757 carminum
427 2720 642 2757 Graecorum
673 2722 852 2768 epicorum
880 2733 921 2758 ac
947 2722 1099 2758 maxime
1124 2733 1260 2764 eorum,
1295 2722 1357 2768 qui
1378 2722 1567 2758 Homerica
1590 2732 1668 2758 esse

198 2780 306 2814 antea
329 2779 559 2824 putabantur,
584 2780 676 2815 ferre
699 2781 788 2822 vult,
815 2792 895 2816 eum
920 2791 992 2816 una
1015 2791 1057 2816 ac
1080 2780 1280 2816 certissima
1302 2781 1430 2825 regula
1453 2780 1669 2816 carminibus

196 2835 398 2871 Homericis
421 2835 511 2881 ipsis
535 2836 590 2873 uti
612 2847 755 2873 necesse
780 2839 846 2874 est.
