1981 3110
197 203 211 253 1'
298 225 308 229 ”
319 215 426 270 ipse
439 213 503 270 in
500 192 752 263 enarrandis
780 190 933 255 fabulis
957 208 1094 264 secum
1112 176 1351 266 cong-ruere
1389 214 1427 256 is
1494 257 1496 259 ,
1529 258 1531 261 f

316 280 398 336 qui
423 267 590 322 talium
621 283 851 324 fabularum
890 284 1081 323 naturam
1111 295 1164 323 ne
1197 280 1405 323 levissime
1442 277 1540 338 quid

326 348 539 397 Quomodo
578 350 687 391 enim
719 350 881 391 fabulae
918 349 1114 391 eiusmodi
1145 350 1253 390 inter
1290 363 1335 390 se
1376 333 1691 406 comparandae,

264 419 267 421 ’
323 426 456 495 nuper
493 419 573 459 viri
612 419 856 469 doctissimi,
904 420 972 473 qui
1010 420 1052 458 in
1092 417 1386 460 Germanorum
1422 418 1642 460 veterum

324 762 548 815 respondet
560 761 585 801 ¹.
643 760 711 801 Ex
738 763 911 815 utroque
940 721 1192 802 matrimonio
1222 764 1461 814 procreatus
1488 765 1553 803 est
1580 685 1748 818 filiusgif

256 847 262 852 ,
325 843 447 884 quem
483 843 628 883 regum
664 830 833 883 stirpem
862 832 904 870 et
932 829 1120 884 Phryges
1155 832 1198 871 et
1226 829 1390 871 Troiani
1416 832 1603 872 deferunt
1609 862 1622 882 ,
1657 820 1753 873 Miff

325 901 369 939 et
385 898 561 939 Aeneas.
619 899 820 952 Principia
846 899 974 951 igitur
1000 900 1213 953 utriusque
1243 900 1404 940 fabulae
1419 901 1560 940 eadem
1588 911 1683 956 esse
1710 912 1741 955 ιι

280 961 283 963 ’
327 968 523 1009 audacter
548 968 790 1008 contendere
818 968 970 1008 videor.
1029 967 1166 1022 Atque
1197 969 1305 1021 apud
1332 968 1472 1023 Lydos
1502 981 1661 1023 quoque
1685 968 1724 1009 ei
1746 975 1750 1025 'v

325 1036 436 1076 modi
459 1036 608 1077 fabella
637 1038 881 1077 narrabatur
910 1037 961 1075 de
991 1034 1132 1089 Gyge,
1160 1037 1229 1090 qui
1259 1050 1382 1090 quum
1409 1038 1450 1077 in
1478 1039 1612 1077 terrae
1638 1037 1794 1080 hiatum

326 1104 608 1145 descendisset
638 1106 680 1145 et
705 1118 760 1145 ex
779 1104 908 1157 digito
929 1104 1101 1145 hominis
1122 1105 1271 1145 mortui
1300 1105 1357 1145 ibi
1385 1105 1428 1145 in
1446 1099 1766 1160 permagnoequ

325 1173 497 1214 iacentis
535 1174 785 1213 detraxisset
834 1174 1028 1213 annulum
1056 1186 1234 1223 aureum,
1272 1174 1387 1213 ouius
1427 1174 1745 1227 opportunitate

324 1241 436 1282 nullo
465 1242 694 1292 videbatur,
724 1242 890 1295 reginae
919 1243 1105 1295 stuprum
1124 1242 1260 1282 intulit
1280 1255 1408 1296 eaque
1428 1243 1624 1283 adiutrice
1652 1236 1824 1313 regem'}

322 1310 527 1350 interemit
555 1323 604 1350 ac
631 1323 709 1350 rex
737 1310 893 1363 Lydiae
922 1311 1011 1362 ipse
1040 1311 1173 1350 factus
1203 1312 1278 1350 est.
1294 1309 1312 1335 ²

436 1377 572 1419 Aliter
597 1379 770 1432 quidem,
798 1379 840 1418 id
870 1378 978 1432 quod
1006 1377 1248 1419 Dunckerus
1263 1378 1280 1403 ³
1309 1379 1446 1430 tradit,
1476 1380 1526 1419 ab
1552 1375 1790 1419 Herodoto⁴
1814 1388 1888 1404 ⁶

320 1447 393 1487 ina
430 1447 481 1487 de
511 1445 634 1500 Gyge
668 1447 807 1487 fabula
835 1450 901 1487 est
926 1449 1136 1497 enarrata,
1179 1448 1298 1487 aliter
1336 1448 1508 1501 denique
1536 1460 1561 1487 a
1588 1443 1789 1492 Xantho&
1824 1448 1892 1504 [μζ

320 1514 380 1556 At
415 1528 468 1555 ex
516 1515 700 1556 omnibus
750 1515 801 1555 de
839 1513 962 1569 Gyge
1012 1516 1325 1556 narratiunculis
1374 1516 1416 1556 id
1442 1529 1568 1557 unum
1606 1513 1803 1573 efficitur-,2
1829 1504 1833 1509 ³

322 1584 518 1625 adiutrice
568 1585 734 1637 regina,
781 1597 903 1639 quam
941 1598 1014 1638 pro
1055 1598 1211 1626 summa
1248 1585 1325 1626 dea
1360 1586 1403 1626 in
1446 1586 1520 1626 hac
1569 1583 1708 1626 fabula
1736 1573 1813 1626 ex

319 1654 526 1694 hominum
555 1654 741 1707 opinione
772 1667 865 1694 esse
904 1654 1054 1694 dictam
1092 1656 1202 1706 puto,
1231 1655 1274 1694 in
1298 1652 1462 1708 Gygem
1497 1667 1670 1706 regnum
1697 1643 1791 1696 esse

323 1722 513 1763 delatum.
581 1722 730 1765 Utrum
768 1735 867 1762 vero
907 1722 1015 1774 apud
1054 1728 1211 1762 ceteros
1250 1721 1375 1763 Asiae
1413 1723 1579 1764 minoris
1617 1715 1811 1784 populos¹
1829 1711 1842 1720 ³

322 1803 434 1869 cum‘
442 1790 630 1831 Troianis
669 1793 863 1843 cognatos
903 1791 1046 1831 eadem
1082 1791 1150 1832 vel
1191 1791 1333 1832 similis
1371 1792 1508 1832 fabula
1546 1791 1823 1849 pervulgata,

319 1844 444 1900 fuerit
468 1872 613 1910 annon,
643 1860 901 1913 ignoramus,
933 1859 1028 1914 quia
1057 1860 1107 1900 de
1137 1860 1298 1901 illorum
1324 1861 1566 1915 populorum
1593 1858 1801 1914 religiones
1836 1879 1885 1924 ⁴12}

415 2024 452 2071 1)
477 2024 578 2061 Inter
608 2024 674 2060 hoc
705 2022 932 2060 scribendum
955 2023 1122 2069 cognovi,
1156 2034 1236 2059 eum
1259 2023 1315 2066 (A.
1332 2035 1365 2060 v.
1382 2024 1458 2069 G.),
1484 2023 1547 2070 qui
1566 2012 1823 2070 Mfillenhofli
1819 2003 1877 2040 ⁷⁵²

318 2081 451 2118 librum
467 2081 668 2127 nuperrime
691 2080 826 2117 editum
851 2080 1049 2124 ‚Deutsche
1063 2080 1405 2116 Alterthumskunde
1419 2080 1486 2116 Bd.
1503 2080 1575 2116 I‘
1564 2092 1604 2118 ιπ
1626 2074 1819 2122 Zarncffi-·

321 2139 523 2182 annalibus,
548 2138 676 2185 quibus
689 2149 817 2174 nomen
835 2140 891 2175 est
915 2138 1202 2181 ,Litterarisches
1212 2137 1484 2181 Centralblatt‘‚
1511 2137 1690 2174 recensuit
1706 2135 1802 2184 (No

321 2197 367 2233 21
393 2207 425 2232 a.
450 2196 552 2238 1871,
576 2207 636 2242 pg.
649 2196 719 2233 522
742 2196 834 2241 sqq.)
867 2195 1012 2231 eandem
1045 2195 1175 2231 habere
1199 2195 1431 2237 sententiam,
1456 2205 1564 2241 quum
1588 2195 1675 2231 ait:
1676 2192 1808 2244 πεππ

319 2253 448 2300 irgend
471 2255 582 2290 etwas
603 2253 718 2289 sicher
740 2253 808 2296 ist,
842 2264 881 2290 so
912 2253 963 2290 ist
987 2264 1026 2289 es
1051 2253 1139 2297 das,
1164 2253 1248 2291 dass
1272 2253 1330 2290 die
1351 2253 1390 2289 in
1413 2253 1524 2290 Troas
1546 2253 1603 2290 als
1626 2241 1794 2297 &cliente
1812 2249 1815 2253 ’
1844 2264 1950 2308 ἔρῃ,

318 2311 382 2347 des
393 2310 567 2347 Anchises
578 2310 653 2346 und
663 2310 799 2346 Mutter
810 2311 873 2347 des
882 2310 1021 2347 Aeneas
1034 2311 1196 2347 verehrte
1203 2310 1400 2356 Aphrodite
1412 2331 1457 2337 -
1470 2310 1527 2346 die
1541 2302 1790 2360 einheimisehfl!
1812 2300 1926 2335 *³⁵5³
1942 2321 1950 2332 ’-

318 2368 581 2406 Gottermutter
595 2367 656 2410 ist,
672 2368 738 2404 wie
756 2368 813 2404 die
826 2368 1092 2414 Vergleichung
1104 2368 1168 2404 der
1188 2368 1428 2414 phrygischen
1444 2367 1538 2414 Sage
1552 2378 1622 2404 von
1638 2355 1790 2442 Gordian
1807 2397 1816 2410 -,

317 2425 394 2462 und
415 2425 535 2461 Midas
557 2435 621 2460 zur
637 2425 784 2470 Geniige
809 2425 966 2460 darthut.
1815 2438 1820 2441 »

409 2482 448 2529 2)
469 2481 670 2518 Archiloch.
695 2481 764 2528 frg.
789 2483 835 2519 25
859 2482 897 2517 in
919 2481 1019 2518 Poet.
1045 2481 1145 2528 lyric.
1170 2482 1224 2518 ed.
1250 2482 1370 2529 Bergk
1393 2482 1524 2528 (tertiis
1547 2482 1642 2518 curis
1665 2466 1808 2528 1866);>1

315 2539 423 2575 Plato
455 2539 500 2575 de
522 2550 596 2585 rep.
621 2540 661 2575 11
685 2550 746 2584 pg.
764 2540 854 2579 3503
887 2539 1010 2574 Cicero
1043 2539 1087 2574 de
1111 2540 1169 2574 off.
1191 2540 1265 2582 ΠΙ,
1283 2542 1323 2582 9,
1340 2541 1405 2581 38;
1435 2540 1552 2584 Engel
1585 2534 1729 2586 Kypros
1747 2529 1814 2592 ΙΪ-Ι

317 2608 377 2642 pg.
402 2596 483 2634 321.
1800 2596 1807 2603 ‘

409 2654 448 2700 3)
472 2651 600 2690 Gesch.
629 2652 691 2689 des
714 2651 868 2689 Alterth.
895 2652 914 2689 I
929 2663 990 2699 pg.
1010 2652 1079 2690 878
1096 2662 1172 2699 sqq.

409 2766 448 2814 5)
470 2724 939 2814 Nicoi.1)a11⁶1asc.frg.49
963 2766 1002 2803 in
1025 2766 1168 2804 Mfflleri
1192 2765 1320 2813 fragm.
1345 2766 1430 2804 hist
1447 2770 1566 2814 graec.
1588 2766 1658 2805 vol.
1674 2754 1740 2806 111.
1793 2782 1801 2788 ·
