1981 3110
283 395 484 446 liaritate,
514 397 609 437 utut
630 356 803 448 populos
828 398 1025 448 cognatos
1044 397 1173 445 decet,
1204 397 1439 437 coniunctos
1457 396 1621 438 fuisse..
1639 384 1768 440 Qu'bti'

297 463 334 504 si
363 476 446 504 non
476 464 701 514 statueres,
729 465 892 505 veteres
923 464 982 505 illi
1012 466 1199 506 auctores
1237 476 1372 518 nugas
1398 462 1660 506 confabulati
1669 451 1763 504 esse
1794 447 1843 488 ³3

295 527 546 573 viderentur.
1854 586 1858 591 Α

407 599 498 647 Iam
535 613 588 641 ne
617 600 758 641 credat
779 600 1002 656 quisquam,
1030 615 1094 642 me
1124 601 1332 654 congestis
1363 602 1415 642 de
1442 601 1578 654 gentis
1607 593 1790 644 troiano*
1807 591 1815 605 ⁶

297 668 455 722 erigine
497 681 545 710 ac
576 671 627 709 de
657 670 886 722 prnnordiis
915 674 1179 722 cognatorum
1209 671 1451 723 populorum
1486 670 1587 709 locis
1617 669 1785 722 propos,

298 736 368 777 siti
395 737 476 778 mei
505 737 674 778 oblitum
704 751 806 778 esse.
848 738 986 785 Quare
1017 739 1052 778 si
1072 739 1281 789 concedas,
1308 751 1412 792 quae
1432 738 1482 778 de
1502 736 1778 778 Troianorum

296 805 448 858 populo
487 807 583 846 sunt
625 806 755 855 dicta,
797 819 953 846 mecum
998 808 1248 857 consenties,
1299 807 1409 847 facili
1449 807 1633 859 potuisse
1677 787 1791 845 fieris

299 874 467 927 negotio
480 905 491 924 ‚
519 879 565 914 ut
594 874 665 915 illa
690 875 767 915 dea
795 888 965 928 magna,
996 877 1062 916 cui
1091 877 1200 929 apud
1224 876 1421 917 Troianos
1450 888 1596 916 nomen
1623 861 1766 931 matris

299 941 451 984 Idaeae
487 945 597 994 erat,
642 957 733 990 eum
777 945 939 985 numine
977 945 1152 999 Cybeles
1182 946 1251 986 vel
1289 946 1566 999 Dindymenes
1613 932 1767 994 matris,
1820 945 1855 993 ζ’·

300 1013 410 1067 quod
462 1013 571 1066 apud
607 1013 794 1067 Phryges
828 1014 1046 1068 Lydosque
1094 1016 1322 1065 colebatur,
1367 1013 1615 1055 multimodis
1657 1003 1782 1069 esset>

301 1083 481 1122 confusa.
541 1082 663 1129 Quod
701 1096 799 1123 vero
841 1084 1012 1137 qualeve
1047 1085 1149 1124 illud
1184 1098 1331 1132 numen
1361 1086 1404 1124 et
1433 1084 1543 1136 apud
1573 1081 1769 1141 Troianos
1821 1082 1904 1127 ἑ

301 1154 345 1190 et
375 1151 485 1203 apud
514 1151 703 1205 Phryges
732 1153 875 1202 fuerit,
917 1153 1011 1193 dein
1041 1166 1145 1207 quae
1174 1154 1252 1193 dea
1281 1166 1334 1193 ex
1361 1153 1567 1192 ambarum
1594 1149 1767 1192 confusi·
1815 1144 1824 1171 3
1842 1150 1970 1209 *ἰ

304 1232 380 1260 one
420 1220 476 1260 sit
516 1224 626 1270 orta,
667 1221 900 1262 examinare
939 1223 1271 1275 supersedemus,
1311 1222 1405 1275 quia
1433 1233 1506 1274 pro
1536 1220 1793 1274 quaestione

308 1291 451 1330 nostra
491 1288 666 1329 sufficiet
714 1290 1032 1341 demonstrasse,
1079 1292 1380 1334 confusionem,
1392 1291 1480 1330 sine
1525 1289 1646 1330 dubio
1683 1300 1776 1329 esse
1835 1291 1977 1343 „³575

304 1357 464 1398 factam.
522 1357 666 1398 Multis
709 1359 816 1399 enim
853 1360 895 1399 in
934 1361 1055 1400 rebus
1099 1359 1294 1400 Troianos
1337 1371 1465 1412 aeque
1504 1370 1551 1398 ac
1589 1355 1776 1412 Phryges

31 1475 36 1479 .
304 1439 466 1480 semper
503 1439 595 1467 cum
636 1428 823 1480 cognatis
866 1427 1064 1469 Thraciae
1103 1429 1317 1481 gentibus,
1368 1428 1515 1482 priscis
1552 1426 1677 1467 Asiae
1717 1426 1776 1467 in-

0 1482 90 1566 ᾗῇ
303 1496 425 1545 colis,
457 1496 706 1537 artissimum
732 1499 1013 1538 commercium
1043 1499 1180 1551 egisse
1208 1499 1458 1539 contendunt
1479 1497 1628 1549 optime
1648 1495 1774 1536 Bern-

304 1563 512 1618 hardyus²
554 1568 596 1605 et
626 1564 854 1607 Gisekius³.
913 1567 1001 1608 Dea
1037 1581 1135 1607 vero
1175 1580 1325 1619 magna
1355 1567 1423 1606 vel
1451 1567 1619 1606 deorum
1645 1566 1777 1604 mater

305 1620 415 1686 apud
460 1632 641 1674 Thraces
683 1635 761 1674 fuit
800 1629 945 1684 Κότυς
960 1636 978 1659 4
1020 1636 1089 1675 vel
1130 1629 1371 1683 Kovcvvffl,
1422 1645 1525 1687 quae
1566 1635 1630 1672 est
1667 1632 1797 1684 apud*
1864 1672 1914 1689 ,7,

304 1700 493 1754 Phryges
533 1702 706 1755 Cybele,
746 1704 854 1756 apud
894 1703 1089 1743 Troianos
1131 1707 1260 1743 mater
1303 1702 1438 1743 Idaea.
1499 1702 1690 1744 Ceterum
1727 1701 1808 1748 ab,
1870 1698 1912 1747 3ῑῖ

308 1769 510 1821 Homero,
541 1771 610 1825 qui
640 1770 857 1822 Troianos,
886 1772 1092 1827 Phryges,
1122 1772 1300 1813 Thraces
1331 1772 1460 1813 socios
1478 1771 1608 1823 ,fuisse
1627 1771 1781 1821 narrat,-

307 1839 496 1880 Priamus
525 1839 738 1881 Thraciam
767 1843 969 1895 quandam
1009 1843 1196 1883 feminam
1225 1842 1422 1895 Aisymae
1460 1842 1593 1880 ortam
1630 1840 1673 1879 in
1697 1851 1779 1879 ma-

307 1908 542 1948 trimonium
575 1910 745 1950 duxisse
784 1911 967 1952 traditur.
1040 1911 1179 1958 Quare
1223 1913 1270 1951 ut
1315 1910 1478 1951 nomina
1528 1901 1780 1961 singulorum

308 1976 500 2018 deorum⁶
540 1979 599 2018 ita
636 1981 765 2019 totam
802 1980 1038 2032 religionem
1077 1980 1278 2020 Thracum
1317 1993 1408 2019 cum
1449 1980 1714 2034 cognatorum
1738 1982 1782 2017 et
1835 1998 1888 2032 χὼ
1912 1990 1940 2034 f

309 2049 430 2088 antea
477 2048 782 2089 coniunctorum
827 2050 1068 2102 populorum
1127 2049 1291 2102 saepius
1333 2061 1446 2098 esse,
1495 2051 1542 2087 ut
1600 2045 1782 2087 breviter
1917 2081 1920 2088 ,
1950 2096 1959 2103 „

309 2116 453 2165 dicam,
482 2117 692 2157 confusam
725 2130 806 2157 non
837 2118 924 2158 sine
952 2118 1140 2158 veritatis
1172 2117 1346 2171 quadam
1376 2116 1510 2169 specie
1540 2098 1780 2156 concludere
1957 2106 1964 2116 ‘

309 2197 539 2237 possumus.
593 2185 774 2239 Neque
762 2200 804 2226 ιιι
834 2187 910 2227 hoc
939 2187 1034 2227 licet
1059 2190 1257 2239 perstare.
1306 2185 1470 2225 Etenim
1499 2184 1778 2237 antiquissimo

309 2258 492 2305 tempore
517 2254 560 2293 in
589 2254 724 2295 insula
744 2254 1008 2295 Samothraca
1035 2256 1142 2295 inter
1173 2255 1367 2295 solemnia
1393 2253 1634 2306 religionum
1664 2257 1793 2293 sacra'

343 2435 345 2437 >
406 2406 441 2450 1)
465 2406 568 2442 Hom.
591 2406 697 2442 Iliad.
723 2418 762 2448 π,
789 2407 856 2442 716
879 2417 976 2452 sqq.;
1002 2409 1028 2448 ζ,
1053 2406 1122 2442 218
1145 2416 1223 2451 sqq.

405 2464 442 2509 2)
468 2463 564 2508 Hist.
587 2463 661 2500 litt.
690 2474 805 2510 graec.
830 2465 848 2500 I
875 2464 1030 2510 pg.152
1055 2474 1134 2509 sqq.

405 2520 443 2566 3)
468 2521 493 2555 l.
518 2521 544 2556 1.
568 2532 627 2567 pg.
653 2522 686 2557 3
1800 2566 1802 2568 ‚
1858 2529 1873 2532 ⁴¹

404 2578 824 2626 4)Gerhard1.1.1§.
843 2580 910 2616 145
932 2590 959 2615 c.
989 2578 1069 2615 adn.
1096 2580 1132 2620 3,
1156 2578 1250 2623 etg.
1270 2577 1353 2619 149,
1379 2573 1673 2620 Strab.XVI‘1›g.
1692 2574 1781 2614 721;

314 2638 528 2684 Aeschylum
552 2637 646 2684 apud
671 2637 787 2673 Strab.
810 2637 844 2673 X
866 2637 1042 2683 pg.470;
1074 2631 1682 2680 Lobeck.Ag1aopham.-pg.1014
1701 2640 1799 2703 sqq.

409 2696 446 2741 5)
468 2695 615 2741 Eupolis
639 2694 735 2741 apud
757 2694 910 2742 Hesych.
937 2705 965 2730 s.
990 2705 1022 2729 v.

411 2754 447 2798 6)
473 2752 517 2789 cf.
543 2752 691 2788 Lobeck.
705 2753 892 2798 Aglaoph.
918 2763 977 2797 pg.
1004 2752 1094 2788 1115
1117 2762 1170 2797 sq.
