1981 3110
225 618 227 620 Ι
280 567 405 608 ritate
426 567 691 623 acquievisse.
739 568 802 609 De
828 569 1111 623 antiquissima
1140 569 1248 609 enim
1270 569 1405 622 gentis
1431 561 1583 622 troicae
1613 507 1755 622 condi«.

280 636 393 678 tione
426 637 545 684 docte
571 650 618 678 ac
644 637 807 690 copiose
840 637 1066 691 disputavit
1101 636 1147 678 B.
1168 635 1321 678 Giseke
1340 636 1607 689 (Thrakisch-
1591 636 1755 701 -Pelasss

283 705 435 758 gische
466 704 645 747 Stamme
684 706 760 746 der
797 706 1158 747 Balkanhalbinsel
1197 706 1282 746 und
1318 706 1405 746 ihre
1434 697 1777 769 ἯΘιιᾱΘτηεψῖ.
1792 708 1822 757 ,ᾗ

282 773 325 814 in
355 774 608 828 mythischer
634 774 735 824 Zeit,
760 774 932 827 Leipzig
955 776 1077 824 1858,
1108 777 1150 815 et
1181 775 1445 815 Homerische
1463 774 1758 831 Forsch'ungm

283 855 319 883 a.
363 845 497 893 1864,
531 855 600 896 pg.
634 845 717 885 233
748 843 843 897 sq.)‚
896 843 966 897 qui
1015 844 1267 896 argumentis
1319 844 1419 884 satis
1458 843 1584 884 firmis
1623 845 1666 885 et
1692 856 1763 900 βξ

285 912 560 964 geographica
589 911 863 965 historicaque
893 912 1051 951 ratione
1082 909 1237 965 petitis·
1257 913 1530 953 demonstrat¹
1541 943 1552 962 ,
1592 904 1757 967 commi-
1759 903 1823 970 ’ᾆ·ι”

287 981 497 1033 grationes
527 981 774 1035 populorum
805 981 1087 1035 antiquissimo
1128 983 1310 1035 tempore
1347 993 1551 1036 nunquam
1589 995 1656 1023 ex
1668 973 1758 1032 Eu-

286 1062 389 1103 ropa
426 1050 469 1090 in
505 1049 649 1090 Asiam
688 1051 819 1090 factas
858 1063 971 1100 esse,
1010 1050 1250 1103 praesertim
1290 1050 1325 1089 si
1362 1052 1565 1090 terrarum
1605 1052 1649 1090 et
1683 1041 1756 1111 po-
1795 1096 1797 1098 ¹

286 1119 474 1173 pulorum
501 1120 683 1160 ordinem
708 1120 901 1160 historiae
921 1120 1071 1160 lumine
1098 1119 1348 1163 illustratum
1378 1121 1480 1159 bene
1498 1108 1755 1172 perspexeri-
1855 1124 1880 1129 ’

285 1188 389 1228 mus.
447 1187 574 1228 Immo
601 1200 700 1228 vero
728 1188 934 1228 contendit
962 1188 1027 1228 vir
1057 1189 1201 1227 doctus
1233 1200 1306 1227 suo
1337 1188 1425 1227 iure
1463 1200 1517 1227 ex
1546 1199 1612 1236 eo,
1648 1182 1758 1241 quod

286 1255 514 1308 posteriore
543 1257 726 1308 tempore
755 1256 796 1295 in
823 1255 926 1296 Asia
954 1256 1028 1296 vix
1058 1256 1220 1296 nomina
1248 1255 1552 1305 Dardanorum,
1582 1255 1767 1309 Mygdon·
1812 1284 1815 1285 ν

286 1336 405 1374 ιιιιιιι,
444 1323 677 1377 Mysorum,
710 1324 851 1377 populi
890 1326 1026 1364 autem
1058 1325 1100 1364 in
1125 1324 1291 1377 Europa
1314 1324 1593 1374 inveniantur,
1634 1336 1761 1378 posse
1780 1319 1811 1374 «ξ’

287 1393 483 1443 concludi,
508 1394 681 1447 populos
709 1393 801 1434 illos
829 1406 882 1433 ex
910 1392 1012 1433 Asia
1040 1393 1082 1433 in
1111 1392 1317 1446 Europam
1346 1393 1556 1445 migrasse
1583 1381 1774 1449 excepto‘
1805 1383 1818 1414 ’-

286 1475 367 1506 uno
375 1462 587 1517 Phrygum
602 1463 766 1517 populo,
780 1463 849 1518 qui
864 1464 1005 1504 tantus
1018 1463 1175 1514 fuisset,
1194 1469 1240 1503 ut
1252 1463 1436 1516 partem
1424 1475 1467 1503 ιιι
1475 1460 1580 1503 Asia
1597 1474 1756 1504 reman-
1852 1488 1885 1519 ,334

289 1531 406 1582 sisse,
430 1533 590 1585 partem
610 1532 652 1571 in
665 1532 872 1585 Europam
887 1532 1185 1584 commigrasse,
1211 1531 1280 1585 qui
1308 1533 1403 1571 sunt
1415 1530 1570 1584 Brygi²
1582 1531 1652 1571 vel
1665 1530 1756 1575 Bri·
1802 1555 1815 1581 ς
1829 1519 1890 1587 ’ᾗ

288 1613 376 1653 ges,
396 1598 517 1642 facile
539 1600 793 1641 concederes.
822 1600 1056 1641 Herodotus
1070 1613 1168 1640 vero
1183 1599 1303 1640 aliter
1317 1598 1476 1640 sentit⁸.
1504 1599 1567 1639 De
1582 1598 1754 1652 Phrygi·

286 1669 366 1708 bus
396 1670 534 1708 autem
562 1669 728 1709 uberius
757 1669 940 1721 disputat
964 1668 1143 1708 Haasius
1159 1668 1199 1718 ⁴,
1241 1669 1309 1721 qui
1342 1669 1454 1708 inter
1491 1668 1593 1707 alios
1617 1664 1760 1714 laudat

291 1736 463 1778 Osannii
483 1737 643 1787 librum,
675 1737 745 1791 qui
768 1737 1002 1778 inscribitur
1027 1739 1094 1777 est
1116 1768 1126 1787 ,
1140 1737 1274 1777 Midas
1301 1737 1399 1777 oder
1413 1723 1776 1790 Erklarungsverss'

289 1806 391 1847 such
421 1806 495 1846 der
523 1806 811 1846 nachweislich
841 1807 1016 1846 ΘΙΕΘΘΕΘιι
1045 1806 1195 1858 griech.
1225 1805 1419 1847 Inschrift
1447 1807 1497 1857 (a.
1522 1805 1683 1856 1830)‘‚
1714 1797 1757 1846 et
1833 1810 1882 1827 '

289 1874 511 1917 Goschenii
540 1875 623 1926 ‚De
666 1875 820 1916 Ariana
867 1876 1032 1930 linguae
1073 1876 1289 1930 gentisque
1320 1874 1560 1955 Armenicae
1602 1875 1761 1965 indole‘
1779 1884 1804 1920 f
1831 1894 1889 1912 a«

288 1945 620 1986 dissertationem
652 1946 702 1998 (a.
725 1946 864 1997 1847).
1785 1984 1787 1987 ,
1844 1934 1855 1948 ’

405 2014 553 2055 Teucri
605 2015 733 2065 enim,
783 2016 1000 2068 antequam
1042 2027 1110 2055 res
1160 2014 1338 2054 dilucere
1379 2013 1620 2066 coeperunt,
1668 2025 1761 2054 sese

289 2083 546 2136 dispertiisse
576 2084 770 2124 videntur
796 2070 928 2137 aeque*
952 2096 999 2123 ac
1019 2083 1205 2136 Phryges
1225 2083 1390 2135 postero
1410 2087 1595 2134 tempore
1614 2085 1762 2121 revera
1791 2096 1812 2112 -·

290 2151 661 2206 deprehenduntur.
719 2152 899 2193 Exstant
940 2153 1047 2193 enim
1091 2152 1141 2192 de
1177 2152 1241 2191 his
1285 2150 1594 2203 migrationibus
1630 2144 1773 2195 adhuc(
1788 2168 1806 2204 ss
1824 2203 1842 2211 Μ

290 2221 525 2263 testimonia
584 2222 829 2274 gravissima
875 2219 1116 2271 Herodoti5,
1163 2221 1232 2275 qui
1274 2220 1420 2270 tradit,
1469 2220 1564 2260 ante
1610 2218 1763 2259 bellum
1786 2258 1793 2263 ,
1815 2212 1877 2275 >2³ss

291 2291 465 2331 troicum
495 2290 640 2344 Mysos
678 2294 720 2331 et
751 2290 929 2332 Teucros
959 2292 1002 2331 in
1028 2290 1235 2343 Europam
1261 2291 1545 2341 transgressos
1566 2286 1779 2329 Thraciae.

292 2360 467 2413 populos
520 2360 685 2401 sedibus
734 2361 912 2401 movisse
974 2367 1016 2401 et
1067 2360 1160 2400 dein
1176 2359 1193 2385 ⁶
1241 2359 1422 2400 Paeones
1467 2370 1560 2398 esse
1619 2355 1761 2402 dictos.
1778 2364 1792 2392 “,
1807 2394 1809 2397 ,

388 2460 482 2506 1)-9.
509 2462 540 2498 1.
564 2460 648 2496 inde
673 2470 695 2496 a
720 2471 780 2507 pg.
807 2460 933 2506 prima.

388 2519 425 2565 2)
451 2518 614 2555 Herodot
637 2518 700 2561 VI,
728 2519 792 2561 453
818 2518 947 2555 Strabo
971 2518 1053 2560 VH,
1078 2528 1138 2563 pg.
1166 2517 1246 2554 295

386 2576 424 2622 3)
448 2575 529 2618 VH,
560 2577 613 2614 73.

388 2633 426 2678 4)
449 2633 562 2669 Ersch
579 2633 610 2669 ἃ,
626 2632 764 2670 Gruber
780 2632 1036 2680 Encyclopaed.
1063 2634 1150 2668 sect.
1167 2631 1234 2673 III,
1258 2641 1342 2676 pars
1357 2628 1486 2671 XXIV,
1509 2639 1569 2674 pg.
1586 2627 1657 2664 225
1672 2635 1771 2672 sqq.-
1740 2651 1762 2669 .,
1794 2638 1817 2671 ;

295 2690 521 2736 potissimum
547 2701 609 2736 pg.
634 2691 828 2728 290-293.

389 2748 427 2794 5)
448 2747 530 2790 VII,
553 2748 609 2784 20.

391 2804 428 2850 6)
450 2804 495 2848 V,
523 2805 581 2841 13.
