1981 3160
788 143 1079 213 ,ᾐνι-

219 292 340 344 laum,
359 307 480 348 quem
495 293 714 335 scholiasta
726 294 955 348 exscripsit,
976 281 1005 335 0
1019 292 1173 336 Stasini
1187 289 1405 348 Κυπρίοις
1418 289 1570 336 ἔπεσιν
1585 295 1690 336 hanc

220 363 397 402 fabulam
425 362 632 413 hausisse,
663 363 904 415 praesertim
932 376 1056 417 quum
1084 363 1127 403 in
1154 363 1291 403 codice
1318 363 1597 403 Escurialensi
1626 376 1689 403 ar-

220 433 457 484 gumentum
486 427 695 486 Κυπρίων
725 426 865 473 &mm
895 434 1052 483 exstet,
1082 445 1136 474 ex
1162 446 1240 487 quo
1268 432 1452 473 Helenus
1482 433 1689 474 oraculum

220 513 345 553 supra
375 512 401 540 a
429 501 546 541 nobis
566 503 918 550 commemoratum
937 501 1121 541 ediderit.
1160 501 1270 542 Dicit
1289 514 1388 554 ergo
1408 500 1690 543 Groddeckius

218 570 303 623 (pg.
317 570 402 622 42),
422 570 553 611 nostri
571 570 712 624 hymni
731 571 912 611 fabulam
930 571 1100 623 petitam
1121 583 1214 611 esse
1232 584 1287 611 ex
1302 569 1455 611 Stasini
1474 566 1691 625 Κυπρίοις

219 633 346 679 ἔπεσι
385 639 454 678 vel
481 640 610 679 totum
639 639 832 692 hymnum
856 639 985 679 fuisse
1014 639 1134 679 istius
1161 638 1316 679 Stasini
1345 639 1534 679 carminis
1565 641 1689 692 parti-

219 707 351 747 culam
362 707 493 747 —cui
508 720 704 748 assensus
718 707 1024 748 Eichstaedtius
1038 707 1081 748 in
1090 706 1471 748 Handwiirterbuch
1487 708 1560 747 der
1575 708 1688 766 scho-

218 788 299 831 nen
313 775 472 816 Kiinste
504 778 554 828 (a.
568 777 708 827 1794),
734 779 771 816 2.
790 789 859 829 pg.
892 778 997 824 602;
1027 776 1076 816 cf.
1096 775 1303 825 Welcker,
1324 775 1488 829 Episch.
1504 776 1616 830 Cycl.
1636 775 1690 815 Π.

221 858 291 899 pg.
314 847 395 886 128
426 850 508 886 not.
530 847 584 896 53
622 869 668 875 -
704 846 754 887 ob
794 858 964 900 eamque
994 857 1179 895 causam,
1219 858 1341 900 quum
1367 845 1439 886 illa
1469 840 1579 887 ἔπεα
1608 845 1689 886 vir-

218 916 329 954 tutes
367 914 660 955 homericorum
689 915 909 955 carminum
937 926 1066 968 paene
1096 915 1349 968 adaequasse
1379 914 1576 965 dicantur,
1604 914 1692 954 iure

219 984 368 1036 optimo
417 972 611 1036 hymnum
653 985 839 1024 nostrum
890 977 1204 1039 ὃμηρικώτατον
1252 996 1345 1023 esse
1386 984 1548 1024 dictum.
1616 984 1692 1025 Cui

219 1052 474 1092 coniecturae
504 1052 580 1092 hoc
608 1052 777 1105 insuper
805 1052 1010 1102 accedere,
1040 1052 1148 1105 quod
1174 1052 1216 1092 in
1235 1052 1386 1105 hymno
1405 1052 1560 1092 inserta
1580 1044 1692 1092 esset

220 1120 271 1159 de
300 1119 471 1161 Tithono
509 1122 558 1160 ab
589 1120 750 1160 Aurora
787 1123 905 1173 rapto
935 1121 1083 1170 fabula,
1114 1133 1217 1174 quae
1248 1121 1300 1160 ad
1326 1121 1485 1160 fabulas
1517 1121 1691 1173 Cyprias

182 1211 188 1217 ·
220 1190 332 1228 esset
379 1189 601 1236 referenda.
667 1189 785 1236 Quae
815 1187 1062 1230 Groddeckii
1091 1189 1341 1239 coniectura,
1363 1196 1620 1243 'quamquam
1654 1189 1693 1229 ei

218 1257 285 1297 Fr.
316 1257 526 1298 Iacobsius
552 1259 593 1298 in
628 1259 813 1311 prolegg.
853 1259 905 1298 ad
942 1257 1076 1298 Tzetz.
1114 1257 1411 1298 Antehomeric.
1451 1272 1520 1311 pg.
1539 1257 1691 1298 XXIV

220 1328 303 1369 not.
331 1327 570 1376 adsentitur,
601 1329 749 1377 tamen,
780 1339 900 1381 quam
928 1327 1058 1367 inanis
1089 1327 1154 1377 sit,
1185 1329 1465 1380 exposuerunt
1495 1327 1691 1367 Henrich-

223 1395 360 1435 senius
389 1395 466 1448 (De
497 1396 666 1448 parmin.
695 1396 858 1450 Cypriis
895 1395 1082 1436 Havniae
1109 1408 1144 1436 a.
1167 1398 1278 1437 1828
1316 1409 1384 1449 pg.
1415 1398 1472 1437 80
1487 1419 1538 1424 -—-
1550 1395 1622 1447 81)
1650 1398 1693 1436 et

223 1465 372 1516 optime
401 1464 705 1505 Baumeisterus
737 1466 794 1516 (in
823 1465 1108 1505 commentario
1136 1466 1188 1504 ad
1216 1466 1352 1518 hymn.
1383 1479 1420 1504 n.
1450 1479 1518 1517 pg.
1531 1465 1630 1514 251)
1651 1466 1693 1504 in

221 1532 398 1572 medium
442 1545 593 1573 vocans
635 1546 702 1583 ea,
752 1545 857 1587 quae
896 1534 947 1573 de
986 1535 1226 1585 argumento
1266 1532 1419 1573 Stasini
1451 1533 1693 1586 Cypriorum

159 1647 162 1648 ⁷
221 1600 468 1641 Welckerus
498 1602 724 1654 disputavit
744 1603 785 1642 in
806 1603 906 1655 cycl.
923 1602 1023 1655 epic.
1043 1602 1249 1642 volumine
1269 1602 1408 1641 altero.
1445 1600 1693 1642 Groddeckii

223 1670 465 1710 sententiam
480 1671 631 1723 0paullo
661 1673 757 1723 post
771 1671 1028 1724 impugnavit
1046 1670 1230 1723 ngnius
1247 1671 1293 1711 in
1311 1671 1482 1723 praefat.
1502 1670 1693 1710 editionis

225 1750 323 1777 suae
379 1739 621 1791 hymnorum
670 1740 982 1788 homericorum,
1044 1727 1186 1793 quum'
1216 1738 1354 1788 affert,
1409 1740 1694 1790 argumentum

222 1806 363 1859 hymni
396 1808 639 1860 compertius
678 1821 725 1849 ae
765 1809 991 1861 spectatius
1026 1808 1154 1848 fuisse
1191 1820 1310 1861 quam
1343 1810 1390 1847 ut
1415 1807 1693 1848 desideremus

222 1875 375 1915 fontem
424 1877 623 1929 quendam
658 1879 830 1927 certum,
871 1878 979 1917 unde
1006 1877 1339 1930 hymnographus
1367 1875 1583 1916 materiam·
1605 1887 1691 1915 car-

223 1943 343 1984 minis
389 1945 581 1985 hauserit.
650 1945 779 1986 Usum
816 1948 953 1986 autem
993 1959 1085 1986 esse
1124 1946 1239 1985 illum
1277 1945 1538 1985 fundamento
1576 1944 1693 1984 Hom,

151 2023 164 2035 ¹
223 2012 339 2052 Iliad.
366 2013 502 2066 rhaps.
517 2028 551 2063 υ,
581 2027 710 2054 vcrsS.
745 2017 827 2055 307
849 2017 891 2054 et
913 2016 1008 2064 308,
1030 2014 1269 2068 quibuscum
1288 2013 1513 2065 comparari
1533 2013 1694 2065 possint

223 2082 360 2135 hymn.
406 2086 532 2123 nostr.
559 2096 627 2123 vv.
669 2085 750 2123 196
787 2085 830 2123 et
850 2086 967 2133 -197‚
1016 2083 1165 2137 quippe
1198 2095 1321 2136 quum
1359 2082 1693 2135 hymnographus

225 2151 377 2205 aliquid
403 2154 513 2192 certe
540 2154 790 2205 compertum
820 2152 1006 2192 habuerit
1025 2152 1076 2191 de
1096 2164 1224 2204 regno
1246 2151 1480 2191 Troicarum
1504 2151 1693 2204 reliquia-

225 2233 318 2259 rum
342 2221 416 2259 sub
446 2219 612 2261 Aeneae
648 2222 824 2273 posteris
854 2222 1034 2261 florente.
1073 2220 1136 2260 De
1165 2233 1243 2273 quo
1274 2232 1402 2271 regno
1432 2219 1588 2272 antiqui
1613 2220 1694 2259 iam

206 2289 405 2329 homines
443 2290 563 2330 valde
601 2290 840 2331 dubitabant
881 2313 934 2340 -„
972 2290 1203 2330 conferatur
1239 2288 1428 2341 Heynius
1462 2288 1504 2327 in
1534 2300 1693 2328 excurs.

224 2358 340 2411 prim.
387 2358 440 2397 ad
475 2358 602 2411 Verg.
637 2358 738 2398 Aen.
777 2359 801 2397 l.
831 2358 898 2397 III
937 2370 1013 2398 nec
1041 2370 1123 2397 non
1154 2357 1332 2404 Quintus
1364 2355 1613 2408 Smyrnaeus
1653 2356 1695 2395 in

226 2426 512 2467 Posthomeric.
539 2427 565 2466 1.
595 2425 718 2476 ΧΠΙ,
747 2440 784 2466 v.
807 2429 891 2467 300
921 2429 963 2467 et
988 2426 1199 2479 Vergilius
1225 2426 1267 2466 in
1285 2424 1454 2464 Aeneid.
1480 2424 1505 2464 1.
1532 2423 1600 2463 ΠΙ
1626 2439 1694 2465 vv.

228 2498 431 2548 94—98,
472 2497 541 2550 qui
574 2496 676 2537 illud
712 2509 884 2549 regnum
918 2496 960 2536 in
987 2495 1110 2536 Italia
1147 2495 1275 2535 fuisse
1313 2495 1493 2534 tradunt.
1551 2493 1695 2548 Neque

226 2568 407 2615 constat,
443 2561 551 2619 quod
580 2565 818 2605 Aeneadum
860 2578 1031 2618 regnum
1073 2578 1097 2604 a
1126 2566 1266 2604 nostro
1296 2563 1608 2617 hymnographo
1641 2564 1695 2603 sit

227 2635 473 2674 denotatum.
532 2633 599 2674 Fr.
619 2633 727 2687 Aug.
746 2634 925 2675 Wolfius
956 2637 1103 2684 autem,
1133 2634 1197 2673 vir
1224 2644 1315 2672 mea
1343 2632 1467 2673 laude
1486 2633 1623 2682 maior,
1654 2632 1696 2672 in

226 2703 381 2755 proleg.
412 2702 465 2741 ad
493 2702 610 2742 Hom.
641 2704 753 2755 (pgg.
777 2706 858 2743 106
880 2705 923 2742 et
946 2705 1026 2743 107
1058 2702 1153 2741 edit.
1182 2702 1347 2753 primae,
1377 2714 1476 2753 pgg.
1499 2703 1553 2741 63
1575 2703 1619 2740 et
1639 2703 1695 2741 64

228 2771 389 2811 secund.
429 2770 525 2810 edit.
556 2783 589 2810 a.
623 2769 754 2826 1859)
792 2772 843 2810 de
879 2770 1042 2824 hymnis
1083 2770 1242 2810 omnino
1277 2770 1376 2822 agit,
1418 2782 1519 2823 quos
1551 2781 1575 2808 a
1604 2770 1696 2809 rha-

225 2833 370 2892 psodis*
396 2839 494 2880 dicit
523 2852 616 2880 esse
646 2840 901 2893 compositos,
930 2839 1076 2893 quibus
1109 2839 1278 2879 solemni
1303 2838 1533 2879 recitationi
1555 2838 1695 2879 carmi-

1185 3042 1216 3060 O
