1981 3110
652 603 718 649 De
746 603 916 660 hymni
943 615 1116 659 genere
1144 604 1354 650 dieendi.

383 718 625 773 Priusquam
663 719 827 771 singula
863 720 1142 760 examinamus
1172 731 1302 773 pauca
1333 720 1428 760 sunt
1457 719 1660 775 afferenda

271 786 465 840 digammi
506 801 603 838 usu,
648 788 780 841 qualis
821 788 875 829 sit
912 788 954 828 in
991 788 1139 842 hymno
1179 790 1320 829 nostro
1350 810 1407 817 ——
1436 800 1540 842 quae
1573 779 1739 852 quidem

270 856 453 909 quaestio
490 856 644 896 medias
681 856 973 910 quodammodo
1011 858 1148 909 partes
1187 857 1294 897 inter
1323 856 1582 911 quaestiones
1610 856 1665 905 de
1689 868 1736 921 re

269 924 437 997 metrica
464 926 507 965 et
536 925 587 965 de
617 938 768 978 genere
797 925 958 966 dicendi
987 926 1084 978 agit.

843 1035 900 1079 De
931 1034 1153 1090 digammo.

383 1125 642 1178 Digammum
671 1126 784 1176 mira,
814 1138 894 1180 qua
924 1138 1084 1179 semper
1112 1125 1315 1176 utebatur,
1342 1125 1601 1179 sagacitate
1589 1138 1632 1166 ιιι
1650 1136 1740 1183 οαι-’

268 1194 443 1235 minibus
473 1195 686 1235 homericis
716 1196 870 1248 primus
893 1195 998 1235 vidit
1023 1194 1246 1244 Bentleius‚
1275 1207 1349 1234 nec
1377 1196 1515 1234 tamen
1544 1194 1596 1235 ad
1615 1193 1762 1247 finemzz
1777 1182 1788 1245 J

267 1263 402 1316 potuit
438 1263 659 1316 perducere
686 1264 791 1304 hanc
821 1263 1108 1317 quaestionem.
1148 1262 1246 1303 Post
1275 1275 1366 1302 eum
1394 1261 1512 1302 multi
1529 1261 1608 1302 viri
1626 1252 1736 1317 docti
1759 1263 1780 1320 J-

268 1332 320 1372 de
366 1331 442 1372 hac
485 1332 639 1372 aeolica
684 1331 822 1372 littera
873 1333 1047 1385 egerunt
1088 1331 1217 1372 veluti
1261 1331 1463 1372 incautius
1501 1330 1639 1384 Payne
1680 1332 1734 1360 =—‘-

265 1399 499 1457 Knigthius,
529 1412 649 1454 porro
679 1399 879 1454 Heynius,
909 1399 1148 1454 Spitznerus
1170 1399 1255 1454 (qui
1274 1400 1432 1441 omnino
1452 1399 1608 1440 nullum
1627 1398 1736 1453 apud
1789 1389 1791 1391 V

264 1469 487 1510 Homerum
515 1470 709 1522 digammi
737 1470 959 1522 vestigium
989 1470 1203 1522 agnoscit),
1234 1469 1407 1510 Vossius
1434 1469 1502 1521 (ad
1527 1468 1663 1528 hymn.
1682 1466 1735 1516 jn

266 1537 456 1583 Cererem
483 1538 588 1579 hom.
617 1552 656 1579 v.
679 1539 791 1590 140),
818 1538 964 1579 melius
993 1536 1254 1579 Thierschius
1285 1549 1332 1578 ac
1351 1538 1455 1578 bene
1474 1534 1738 1587 Hermannus-
1762 1591 1768 1595 .

268 1607 348 1659 (ad.
378 1608 520 1661 hymni
549 1621 587 1647 n.
617 1621 655 1648 v.
687 1608 758 1658 86)
787 1610 828 1648 et
857 1605 1023 1648 Giesius
1053 1608 1104 1647 de
1136 1607 1308 1656 dialecto
1347 1607 1512 1657 aeolica,
1543 1618 1578 1646 a.
1605 1596 1733 1662 1839,
1781 1628 1790 1632 κ

264 1675 291 1715 l.
318 1674 364 1715 H
403 1689 463 1729 cp.
497 1675 566 1716 HI
604 1675 929 1717 Beschaffenheit
976 1676 1060 1716 und
1097 1675 1315 1728 Ursprung
1361 1676 1434 1715 der
1476 1674 1734 1735 Hauchlaute

263 1757 332 1797 pg.
365 1747 622 1786 224—308.
664 1745 847 1792 Quorum
874 1745 1050 1785 omnium
1081 1744 1270 1798 operibus
1296 1746 1400 1785 bene
1419 1758 1520 1785 usus
1540 1746 1604 1785 est
1623 1741 1733 1793 Hoff-

263 1825 458 1864 mannus,
498 1815 567 1868 qui
605 1817 819 1868 praeterea
857 1814 1048 1855 Ahrensii
1082 1815 1185 1855 libro
1228 1814 1376 1867 optimo
1416 1813 1501 1864 ‚De
1548 1811 1735 1869 dialeetis
1766 1805 1793 1864 ,χ’

263 1880 457 1933 Graecis‘
494 1883 713 1936 insigniter
753 1886 817 1924 est
849 1883 1096 1924 sublevatus.
1156 1883 1221 1925 Ex
1250 1883 1479 1924 Hoffmanni
1502 1915 1513 1933 ,
1526 1873 1769 1937 quaestio-³*

263 1950 383 1992 nibus
413 1950 661 1993 Homericis‘
692 1952 786 2004 (vol.
812 1951 856 1991 H
885 1965 953 2005 pg.
986 1955 1077 1992 1—
1094 1953 1191 2004 150)
1222 1952 1330 1994 facili
1361 1965 1482 2006 opere
1511 1939 1784 2007 possumus}-

262 2020 512 2072 intelligere,
564 2021 660 2074 quid
697 2021 748 2061 de
787 2021 980 2073 digammi
1015 2034 1094 2060 usu
1130 2021 1331 2061 homerico
1368 2021 1423 2061 sit
1461 2015 1728 2074 iudicandum.

261 2086 320 2129 At
350 2101 593 2144 quamquam
621 2089 708 2130 viro
728 2089 961 2131 doctissimo
983 2089 1167 2142 plurimis
1186 2090 1287 2131 locis
1307 2090 1562 2141 assentimur,
1592 2079 1731 2132 tamen
1753 2097 1759 2102 ‘
1786 2125 1793 2144 ;

261 2171 343 2201 non
379 2158 528 2198 desunt
556 2159 654 2209 loci,
696 2160 764 2200 ubi
794 2161 1022 2200 accuratam
1052 2160 1094 2198 et
1122 2156 1370 2199 Graecarum
1397 2159 1660 2201 dialectorum
1685 2159 1728 2199 et

260 2226 496 2280 linguarum
525 2231 790 2282 cognatarum
810 2228 1083 2281 cognitionem
1103 2228 1389 2269 desideremus.
1430 2227 1549 2275 Quod
1568 2228 1730 2285 quidem
1767 2222 1794 2275 ,tf

261 2295 502 2337 Hoffinanno
530 2310 611 2337 non
642 2299 755 2338 tanto
785 2298 884 2338 vitio
914 2300 980 2338 est
1005 2297 1255 2348 vertendum,
1284 2310 1406 2352 quum
1436 2297 1505 2338 illo
1535 2300 1732 2353 tempore:
1747 2284 1792 2359 fv*

261 2380 339 2421 quo
389 2367 455 2408 vir
494 2366 753 2408 doctissimus
788 2367 1029 2420 conscripsit
1065 2367 1156 2407 illas
1196 2367 1455 2421 quaestiones
1493 2368 1739 2426 homericae„
1774 2359 1794 2410 2³

262 2448 331 2476 ars
367 2436 631 2488 grammatica
665 2436 818 2488 ling-uis
856 2436 1041 2488 cognatis
1077 2436 1320 2489 comparatis
1362 2436 1509 2477 eximia
1539 2450 1620 2478 non
1643 2438 1729 2478 tam
1752 2445 1778 2467 *ι

261 2504 444 2558 perfecta
480 2506 591 2545 esset
618 2516 739 2558 quam
767 2505 898 2545 hodie.
956 2503 1119 2545 Etenim
1150 2505 1278 2546 sicubi
1306 2506 1591 2557 grammaticae
1622 2517 1728 2559 com·

258 2573 494 2627 parativae,
539 2585 657 2627 quam
706 2573 863 2623 dicunt,
909 2572 1137 2625 cognitione
1182 2574 1224 2613 in
1276 2573 1422 2614 studiis
1472 2561 1728 2627 philologieis

261 2642 423 2690 omnino
451 2642 723 2692 sublevamur,
754 2642 796 2682 id
825 2641 1082 2695 potissimum
1110 2642 1151 2682 in
1177 2642 1412 2695 quaestione
1442 2642 1494 2684 de
1523 2642 1748 2704 digamia-ef
1756 2650 1853 2706 353

259 2710 460 2752 homerico
501 2709 558 2750 fit.
612 2709 670 2751 At
706 2713 823 2751 caute
853 2711 918 2750 est
948 2709 1163 2763 agendum,
1193 2723 1244 2750 ne
1274 2711 1393 2751 extra
1419 2710 1577 2751 sobriae
1606 2714 1840 2766 quae·

261 2780 405 2820 ationis
436 2779 539 2820 fines
567 2791 776 2832 vagemur,
807 2779 914 2833 quod
933 2778 1156 2832 periculum
1177 2778 1367 2820 imminet.
1406 2778 1549 2832 Neque
1568 2777 1601 2819 Ι,
1620 2777 1713 2824 Bek

259 2848 385 2890 kerus
428 2849 491 2902 (cf.
523 2847 730 2890 Leskienii
765 2849 791 2890 l.
807 2848 837 2902 j.
858 2849 903 2900 1.;
951 2847 1029 2903 Gg.
1059 2847 1189 2891 Curtii
1219 2848 1244 2889 l.
1273 2848 1299 2888 l.
1328 2861 1395 2902 pg.
1417 2847 1539 2900 510),
1577 2848 1665 2908 qui]
1773 2844 1776 2853 ²
