1981 3110
234 631 407 679 curetur,
425 630 462 670 si
479 643 626 670 versus
648 629 753 670 ratio
775 592 974 683 syllabam
993 630 1232 683 productam
1250 631 1450 683 posceret,
1467 604 1656 673 maxime
1648 614 1733 685 uit:
1733 653 1741 658 --
1761 633 1788 661 ”⁹

232 697 339 750 pede
367 698 509 750 primo,
536 698 578 738 in
607 711 685 751 quo
713 700 755 738 et
784 699 834 738 ab
864 697 1040 738 Homero
1070 700 1113 738 et
1139 710 1164 739 a
1180 704 1318 738 nostro
1336 699 1459 750 poeta
1480 693 1718 751 spondeum·
1780 746 1786 752 ⁸

234 765 415 806 adamari
443 766 524 806 iam
551 778 674 819 supra
698 765 918 806 docuimus.
958 765 1091 807 Huius
1119 765 1178 806 rei
1198 765 1386 819 exempla
1403 765 1557 820 ponam
1579 753 1648 808 ἢ.
1656 761 1714 807 6.
1781 766 1828 793 '2²

235 835 303 874 31.
319 836 400 875 -68,
433 835 526 875 158.
554 838 648 874 212.
686 834 804 881 Quae
833 835 867 875 si
895 836 1027 875 animo
1057 837 1254 885 tenemus,
1281 837 1392 875 recte
1410 834 1589 876 iudicare
1606 826 1715 892 1108}ss

237 907 378 944 sumus
413 903 463 944 de
502 917 540 944 v.
569 906 664 945 284.
730 903 843 945 Libri
883 904 991 945 enim
1029 904 1292 957 manuscripti
1332 917 1472 945 omnes
1509 904 1704 946 exhibent

236 971 451 1012 lectionem
494 972 608 1012 initio
643 986 790 1013 versus
821 968 952 1028 φασί,
996 985 1100 1027 quae
1130 986 1221 1032 cum
1249 974 1377 1013 metro
1407 985 1488 1013 non
1512 973 1715 1027 congruit3

233 1063 290 1070 -
330 1053 423 1080 nam
470 1043 536 1082 est
582 1043 797 1082 trochaeus
847 1055 921 1094 pro
958 1042 1133 1094 dactylo.
1203 1042 1342 1088 Quare
1376 1041 1624 1082 Matthiaeus
1657 1041 1700 1083 in

231 1109 673 1157 ,animadversionibus
724 1110 777 1149 ad
821 1110 993 1162 hymnos
1032 1110 1275 1150 homericos‘
1309 1109 1481 1150 coniecit
1520 1103 1695 1162 φάσθαι

231 1178 379 1226 ,nam‘‚
417 1177 479 1216 uti
516 1177 594 1229 ait,
635 1179 751 1235 ,post
787 1172 824 1217 εἰ
851 1174 899 1219 δέ
927 1189 994 1232 τις
1019 1171 1183 1242 εἴρηταί
1209 1187 1258 1219 σε
1287 1177 1329 1218 et
1353 1175 1596 1238 μυθεῖσθαι
1625 1187 1699 1240 pro

231 1254 472 1294 imperativo
513 1255 627 1296 sequi
661 1255 801 1292 debet,
838 1254 934 1296 quid
973 1253 1194 1283 Anchisam
1230 1252 1364 1282 dicere
1394 1251 1519 1281 vellet
1547 1250 1700 1292 Venus,
1724 1264 1781 1298 ³³ss-

230 1323 312 1352 non
337 1310 435 1370 quid
462 1310 570 1355 fama
597 1311 806 1356 ferretur‘.
843 1311 945 1357 Eius
965 1312 1236 1366 coniecturam
1252 1312 1495 1371 receperunt
1511 1304 1701 1369 Wolfius,
1737 1302 1763 1319 ‘⁵

229 1385 507 1430 Hermannus,
554 1386 871 1422 Baumeisterus.
939 1385 997 1422 At
1040 1388 1157 1422 tanta
1205 1386 1419 1421 verborum
1466 1384 1701 1441 mutatione,
1739 1395 1777 1440 Αξ,

232 1460 337 1508 quae
367 1449 565 1507 quomodo
595 1450 703 1494 facta
734 1450 789 1495 sit
813 1463 894 1494 non
923 1450 1056 1503 video,
1085 1463 1186 1506 opus
1218 1463 1297 1494 non
1322 1451 1397 1503 est,
1426 1465 1550 1507 quum
1577 1442 1731 1494 levis-‘⁵
1756 1455 1764 1461 ⁴

231 1521 335 1558 sima
354 1523 538 1567 metrum,
559 1521 667 1570 quod
687 1523 752 1558 est
771 1522 974 1567 vitiosum,
996 1521 1127 1571 possit
1147 1521 1294 1558 sanari.
1333 1520 1496 1557 Etenim
1505 1519 1702 1558 Mdthiaei

230 1588 447 1632 verborum
487 1586 884 1643 interpretationem,
933 1588 967 1631 si
995 1588 1088 1631 libri
1120 1580 1297 1644 φάσθαι
1325 1589 1531 1642 legerent,
1561 1588 1711 1635 veram'
1762 1576 1767 1597 ²

230 1670 325 1696 esse
355 1658 607 1707 duceremus,
638 1658 711 1696 sed
740 1670 795 1696 ex
825 1659 902 1697 hac
927 1670 972 1696 re
1001 1670 1083 1696 non
1108 1657 1204 1697 licet
1234 1668 1398 1697 causam
1423 1657 1501 1697 loci
1521 1653 1702 1698 mutandi

229 1728 382 1779 petere.
441 1726 600 1773 Quodsi
628 1741 671 1775 ‚v
685 1729 694 1747 ‘
725 1722 1025 1780 ἕφελκυστικὸν
1054 1741 1107 1766 ex
1128 1740 1240 1766 more
1260 1727 1389 1766 nostri
1407 1727 1536 1778 ipsius
1555 1728 1705 1784 poetae

231 1796 274 1834 et
304 1792 473 1834 Homeri
509 1806 634 1847 supra
669 1794 855 1847 exposito
894 1793 985 1834 voci
1023 1789 1132 1848 φασί
1171 1793 1399 1847 affigimus,
1434 1806 1581 1834 versus
1613 1793 1719 1843 sine,

230 1863 323 1903 labe
351 1865 428 1912 est,
459 1877 578 1916 quem
607 1877 689 1902 una
712 1877 804 1902 cum
832 1876 956 1902 versu
985 1863 1168 1915 proximo
1200 1862 1257 1902 sic
1288 1863 1569 1914 interpreteris
1597 1878 1608 1902 :
1636 1862 1712 1904 dic*

230 1930 303 1971 illa
332 1943 485 1971 memor
511 1943 650 1971 eorum
663 1962 673 1980 ,
703 1942 808 1985 quae
835 1932 877 1971 te
905 1930 1040 1971 dicere
1066 1930 1168 1972 iussi
1198 1947 1207 1971 ε
1238 1933 1325 1972 tum
1353 1931 1534 1984 profecto
1563 1926 1703 1972 dicunt

230 1999 431 2039 hominem
479 2012 590 2038 eum⁷
610 2012 703 2038 esse
747 2001 886 2038 natum
922 2012 976 2038 ex
1011 2000 1189 2051 nympha
1201 2001 1221 2048 ‘,
1257 2002 1301 2038 et
1329 2014 1365 2051 q.
1396 2013 1427 2038 s.
1487 1997 1555 2038 Sic
1581 1992 1702 2039 lectio

229 2066 381 2108 tradita
411 2069 575 2107 servata
602 2069 678 2108 est.

345 2136 596 2176 Paucissima
616 2137 710 2176 dein
729 2136 859 2177 dicam
879 2137 930 2176 de
950 2137 1202 2190 correptione
1223 2138 1436 2189 longarum
1457 2136 1704 2191 syllabarum
1751 2185 1762 2190 .,

232 2204 413 2246 finalium
451 2207 547 2246 ante
578 2206 761 2246 vocalem
787 2206 899 2246 vocis
926 2206 1136 2259 proximae
1164 2206 1371 2246 initialem.
1430 2206 1547 2253 Quae
1571 2207 1638 2246 est
1661 2205 1705 2246 in

229 2274 337 2314 thesi
382 2276 542 2314 tantum
583 2285 767 2327 quaeque
803 2275 912 2326 apud
953 2274 1174 2314 Homerum
1213 2274 1441 2314 sexcenties
1483 2269 1715 2323 invenitur,.

230 2347 276 2382 at
316 2341 359 2382 ἰι
395 2341 546 2395 hymno
584 2343 723 2382 nostro
762 2342 898 2383 sexies
937 2346 980 2382 et
1010 2341 1299 2396 quinquagies,
1333 2354 1539 2395 nunquam
1568 2343 1709 2397 autem

229 2410 270 2449 in
301 2410 396 2459 arsi,
426 2422 549 2462 quam
578 2410 620 2449 in
650 2411 850 2450 contrario
879 2411 963 2450 vim
992 2410 1242 2463 producendi
1266 2410 1415 2449 habere
1445 2409 1631 2450 vidimus.

344 2476 541 2518 Extremo
581 2479 669 2519 loco
701 2478 845 2519 afferre
870 2479 963 2519 volo
992 2479 1105 2519 vocis
1132 2474 1261 2527 καλὸς
1287 2478 1462 2531 priorem
1492 2478 1718 2536 syllabam,

229 2558 336 2600 quae
379 2546 430 2586 ab
469 2545 643 2587 Homero
684 2560 845 2600 semper
873 2548 1130 2601 producitur,
1184 2548 1226 2587 in
1251 2546 1390 2600 hymni
1419 2547 1576 2587 duobus
1602 2545 1715 2587 loeis.»

231 2618 314 2668 (vv.
335 2617 389 2656 29
420 2617 464 2655 et
492 2616 591 2666 261)
621 2617 847 2669 correptam
877 2630 970 2657 esse
1006 2639 1054 2646 --
1087 2629 1212 2671 quare
1237 2615 1495 2657 Hermannus
1527 2603 1705 2669 (Orphio.

230 2698 300 2737 pg.
319 2685 426 2736 817)
468 2684 712 2738 scripturam
749 2686 846 2726 ferri
883 2698 963 2726 non
1000 2698 1122 2738 posse
1159 2687 1278 2738 putat
1308 2708 1373 2735 —-‚
1412 2697 1538 2738 quum
1564 2683 1702 2741 decem

232 2752 302 2794 alii
337 2752 417 2795 loci
455 2755 620 2794 exstent
659 2754 741 2806 (vv.
772 2745 840 2794 64.
891 2757 957 2795 89.
997 2757 1062 2795 9⁷.
1105 2756 1171 2795 98.
1210 2754 1304 2795 156.
1341 2755 1436 2796 181.
1472 2753 1567 2794 183.
1604 2745 1661 2794 232
1692 2782 1713 2814 r:
