<?xml version="1.0" encoding="UTF-8"?>
<!DOCTYPE html PUBLIC "-//W3C//DTD XHTML 1.0 Transitional//EN"
    "http://www.w3.org/TR/xhtml1/DTD/xhtml1-transitional.dtd">
<html xmlns="http://www.w3.org/1999/xhtml" xml:lang="en" lang="en">
 <head>
  <title>
</title>
<meta http-equiv="Content-Type" content="text/html;charset=utf-8" />
  <meta name='ocr-system' content='tesseract 3.04.00' />
  <meta name='ocr-capabilities' content='ocr_page ocr_carea ocr_par ocr_line ocrx_word'/>
</head>
<body>
  <div class='ocr_page' id='page_1' title='image "4737856_0059.png"; bbox 0 0 1981 3160; ppageno 0'>
   <div class='ocr_carea' id='block_1_1' title="bbox 0 0 1981 392">
    <p class='ocr_par' dir='ltr' id='par_1_1' title="bbox 0 0 1981 392">
     <span class='ocr_line' id='line_1_1' title="bbox 0 0 1981 392; baseline 0 -63"><span class='ocrx_word' id='word_1_1' title='bbox 0 0 1981 392; x_wconf 95' lang='lat' dir='ltr'><strong>   </strong></span> 
     </span>
    </p>
   </div>
   <div class='ocr_carea' id='block_1_2' title="bbox 0 462 265 531">
    <p class='ocr_par' dir='ltr' id='par_1_2' title="bbox 0 462 265 531">
     <span class='ocr_line' id='line_1_2' title="bbox 0 462 265 531; baseline 0 2629"><span class='ocrx_word' id='word_1_2' title='bbox 0 462 265 531; x_wconf 95' lang='lat' dir='ltr'><strong> </strong></span> 
     </span>
    </p>
   </div>
   <div class='ocr_carea' id='block_1_3' title="bbox 199 204 1845 434">
    <p class='ocr_par' dir='ltr' id='par_1_3' title="bbox 199 204 1845 434">
     <span class='ocr_line' id='line_1_3' title="bbox 286 204 1845 303; baseline 0 -19"><span class='ocrx_word' id='word_1_3' title='bbox 286 255 364 291; x_wconf 60' lang='lat'><strong>5-2</strong></span> <span class='ocrx_word' id='word_1_4' title='bbox 389 215 650 303; x_wconf 77' lang='lat' dir='ltr'><strong>quamquam</strong></span> <span class='ocrx_word' id='word_1_5' title='bbox 648 252 740 284; x_wconf 88' lang='lat' dir='ltr'><strong>non</strong></span> <span class='ocrx_word' id='word_1_6' title='bbox 766 254 874 296; x_wconf 85' lang='lat' dir='ltr'><strong>nego</strong></span> <span class='ocrx_word' id='word_1_7' title='bbox 894 204 979 283; x_wconf 84' lang='lat' dir='ltr'><strong>h6o</strong></span> <span class='ocrx_word' id='word_1_8' title='bbox 1000 241 1081 295; x_wconf 84' lang='lat' dir='ltr'><strong>per</strong></span> <span class='ocrx_word' id='word_1_9' title='bbox 1105 239 1243 283; x_wconf 80' lang='lat' dir='ltr'><strong>casum</strong></span> <span class='ocrx_word' id='word_1_10' title='bbox 1270 242 1422 283; x_wconf 79' lang='lat' dir='ltr'><strong>factum</strong></span> <span class='ocrx_word' id='word_1_11' title='bbox 1439 254 1538 283; x_wconf 84' lang='lat' dir='ltr'><strong>esse</strong></span> <span class='ocrx_word' id='word_1_12' title='bbox 1564 234 1698 301; x_wconf 74' lang='lat' dir='ltr'><strong>poss6.</strong></span> <span class='ocrx_word' id='word_1_13' title='bbox 1714 218 1716 221; x_wconf 22' lang='grc' dir='ltr'>Ι</span> <span class='ocrx_word' id='word_1_14' title='bbox 1744 230 1747 233; x_wconf 51' lang='grc'><strong>’</strong></span> <span class='ocrx_word' id='word_1_15' title='bbox 1830 216 1845 226; x_wconf 21' lang='grc' dir='ltr'><strong>μ’</strong></span> 
     </span>
     <span class='ocr_line' id='line_1_4' title="bbox 271 304 1764 378; baseline -0.001 -26.045"><span class='ocrx_word' id='word_1_16' title='bbox 271 310 292 319; x_wconf 63' lang='grc'>“</span> <span class='ocrx_word' id='word_1_17' title='bbox 312 326 315 328; x_wconf 94' lang='grc'><strong><em>·</em></strong></span> <span class='ocrx_word' id='word_1_18' title='bbox 387 304 475 352; x_wconf 78' lang='lat' dir='ltr'><strong>At</strong></span> <span class='ocrx_word' id='word_1_19' title='bbox 502 307 555 352; x_wconf 68' lang='lat' dir='ltr'><strong>a‘d</strong></span> <span class='ocrx_word' id='word_1_20' title='bbox 570 308 803 352; x_wconf 79' lang='lat' dir='ltr'><strong>Hesiodum</strong></span> <span class='ocrx_word' id='word_1_21' title='bbox 830 323 1009 378; x_wconf 89' lang='lat' dir='ltr'><strong>quoque</strong></span> <span class='ocrx_word' id='word_1_22' title='bbox 1017 309 1159 363; x_wconf 82' lang='lat' dir='ltr'><strong>paucis</strong></span> <span class='ocrx_word' id='word_1_23' title='bbox 1187 310 1230 351; x_wconf 87' lang='lat' dir='ltr'><strong>in</strong></span> <span class='ocrx_word' id='word_1_24' title='bbox 1255 311 1377 352; x_wconf 88' lang='lat' dir='ltr'><strong>rebus</strong></span> <span class='ocrx_word' id='word_1_25' title='bbox 1404 311 1580 365; x_wconf 77' lang='lat' dir='ltr'><strong>hymnus</strong></span> <span class='ocrx_word' id='word_1_26' title='bbox 1596 310 1764 364; x_wconf 82' lang='lat' dir='ltr'><strong>propius</strong></span> 
     </span>
     <span class='ocr_line' id='line_1_5' title="bbox 199 364 1766 434; baseline -0.003 -10"><span class='ocrx_word' id='word_1_27' title='bbox 199 388 206 405; x_wconf 88' lang='grc'><strong>-’</strong></span> <span class='ocrx_word' id='word_1_28' title='bbox 263 364 468 422; x_wconf 70' lang='lat' dir='ltr'><strong>aceedit.</strong></span> <span class='ocrx_word' id='word_1_29' title='bbox 525 378 687 421; x_wconf 82' lang='lat' dir='ltr'><strong>Etenim</strong></span> <span class='ocrx_word' id='word_1_30' title='bbox 717 379 808 434; x_wconf 84' lang='lat' dir='ltr'><strong>quis</strong></span> <span class='ocrx_word' id='word_1_31' title='bbox 837 380 903 420; x_wconf 90' lang='lat' dir='ltr'><strong>est</strong></span> <span class='ocrx_word' id='word_1_32' title='bbox 922 379 1019 434; x_wconf 87' lang='lat' dir='ltr'><strong>quin</strong></span> <span class='ocrx_word' id='word_1_33' title='bbox 1033 378 1182 429; x_wconf 81' lang='lat' dir='ltr'><strong>videat,</strong></span> <span class='ocrx_word' id='word_1_34' title='bbox 1210 378 1483 433; x_wconf 79' lang='lat' dir='ltr'><strong>compluribus</strong></span> <span class='ocrx_word' id='word_1_35' title='bbox 1500 379 1606 421; x_wconf 88' lang='lat' dir='ltr'><strong>locis</strong></span> <span class='ocrx_word' id='word_1_36' title='bbox 1619 377 1766 432; x_wconf 77' lang='lat' dir='ltr'><strong>(veluti</strong></span> 
     </span>
    </p>
   </div>
   <div class='ocr_carea' id='block_1_4' title="bbox 0 213 1981 462">
    <p class='ocr_par' dir='ltr' id='par_1_4' title="bbox 0 213 1981 462">
     <span class='ocr_line' id='line_1_6' title="bbox 1688 213 1981 329; baseline 0 0"><span class='ocrx_word' id='word_1_37' title='bbox 1688 213 1981 329; x_wconf 95' lang='lat' dir='ltr'><strong>  </strong></span> 
     </span>
     <span class='ocr_line' id='line_1_7' title="bbox 0 329 1981 462; baseline 0 0"><span class='ocrx_word' id='word_1_38' title='bbox 0 392 265 462; x_wconf 95' lang='lat' dir='ltr'><strong> </strong></span> <span class='ocrx_word' id='word_1_39' title='bbox 1823 329 1981 462; x_wconf 95' lang='lat' dir='ltr'><strong>  </strong></span> 
     </span>
    </p>
   </div>
   <div class='ocr_carea' id='block_1_5' title="bbox 163 430 1981 510">
    <p class='ocr_par' dir='ltr' id='par_1_5' title="bbox 163 418 1981 510">
     <span class='ocr_line' id='line_1_8' title="bbox 163 430 1981 510; baseline -0.001 -19"><span class='ocrx_word' id='word_1_40' title='bbox 163 459 179 506; x_wconf 65' lang='lat' dir='ltr'><strong>‘ss</strong></span> <span class='ocrx_word' id='word_1_41' title='bbox 261 441 428 494; x_wconf 64' lang='lat' dir='ltr'><strong>meso</strong></span> <span class='ocrx_word' id='word_1_42' title='bbox 443 449 584 503; x_wconf 81' lang='lat' dir='ltr'><strong>hymni</strong></span> <span class='ocrx_word' id='word_1_43' title='bbox 609 449 650 489; x_wconf 90' lang='lat' dir='ltr'><strong>in</strong></span> <span class='ocrx_word' id='word_1_44' title='bbox 680 448 956 489; x_wconf 83' lang='lat' dir='ltr'><strong>describendis</strong></span> <span class='ocrx_word' id='word_1_45' title='bbox 975 448 1108 488; x_wconf 84' lang='lat' dir='ltr'><strong>tribus</strong></span> <span class='ocrx_word' id='word_1_46' title='bbox 1129 449 1284 489; x_wconf 80' lang='lat' dir='ltr'><strong>deabus</strong></span> <span class='ocrx_word' id='word_1_47' title='bbox 1303 461 1328 489; x_wconf 92' lang='lat' dir='ltr'><strong>a</strong></span> <span class='ocrx_word' id='word_1_48' title='bbox 1344 448 1506 489; x_wconf 83' lang='lat' dir='ltr'><strong>Venere</strong></span> <span class='ocrx_word' id='word_1_49' title='bbox 1527 461 1608 489; x_wconf 92' lang='lat' dir='ltr'><strong>non</strong></span> <span class='ocrx_word' id='word_1_50' title='bbox 1624 447 1788 498; x_wconf 76' lang='lat' dir='ltr'><strong>victis)··</strong></span> <span class='ocrx_word' id='word_1_51' title='bbox 1871 430 1981 510; x_wconf 42' lang='grc' dir='ltr'><strong>,ζ’</strong></span> 
     </span>
    </p>
   </div>
   <div class='ocr_carea' id='block_1_6' title="bbox 230 515 1768 706">
    <p class='ocr_par' dir='ltr' id='par_1_6' title="bbox 230 515 1768 706">
     <span class='ocr_line' id='line_1_9' title="bbox 230 515 1764 580; baseline -0.001 -20"><span class='ocrx_word' id='word_1_52' title='bbox 230 575 236 580; x_wconf 31' lang='grc' dir='ltr'>ι</span> <span class='ocrx_word' id='word_1_53' title='bbox 300 515 461 574; x_wconf 86' lang='lat' dir='ltr'><strong>poetam</strong></span> <span class='ocrx_word' id='word_1_54' title='bbox 489 517 656 559; x_wconf 87' lang='lat' dir='ltr'><strong>consilio</strong></span> <span class='ocrx_word' id='word_1_55' title='bbox 682 516 940 560; x_wconf 82' lang='lat' dir='ltr'><strong>artificiosius</strong></span> <span class='ocrx_word' id='word_1_56' title='bbox 960 529 1008 558; x_wconf 85' lang='lat' dir='ltr'><strong>ac</strong></span> <span class='ocrx_word' id='word_1_57' title='bbox 1027 517 1190 571; x_wconf 85' lang='lat' dir='ltr'><strong>putride</strong></span> <span class='ocrx_word' id='word_1_58' title='bbox 1209 531 1302 559; x_wconf 87' lang='lat' dir='ltr'><strong>esse</strong></span> <span class='ocrx_word' id='word_1_59' title='bbox 1321 518 1501 559; x_wconf 87' lang='lat' dir='ltr'><strong>locutum</strong></span> <span class='ocrx_word' id='word_1_60' title='bbox 1520 528 1692 573; x_wconf 87' lang='lat' dir='ltr'><strong>eumque</strong></span> <span class='ocrx_word' id='word_1_61' title='bbox 1710 529 1764 558; x_wconf 83' lang='lat' dir='ltr'><strong>ex</strong></span> 
     </span>
     <span class='ocr_line' id='line_1_10' title="bbox 233 579 1768 647; baseline -0.001 -20"><span class='ocrx_word' id='word_1_62' title='bbox 233 645 235 647; x_wconf 21' lang='grc' dir='ltr'>Ι</span> <span class='ocrx_word' id='word_1_63' title='bbox 292 579 411 628; x_wconf 49' lang='lat' dir='ltr'><strong>”more</strong></span> <span class='ocrx_word' id='word_1_64' title='bbox 438 586 608 628; x_wconf 76' lang='lat' dir='ltr'><strong>Hesiodi</strong></span> <span class='ocrx_word' id='word_1_65' title='bbox 635 585 932 627; x_wconf 83' lang='lat' dir='ltr'><strong>sententiarum</strong></span> <span class='ocrx_word' id='word_1_66' title='bbox 953 588 1191 639; x_wconf 82' lang='lat' dir='ltr'><strong>argutarum</strong></span> <span class='ocrx_word' id='word_1_67' title='bbox 1206 587 1388 627; x_wconf 79' lang='lat' dir='ltr'><strong>acumine</strong></span> <span class='ocrx_word' id='word_1_68' title='bbox 1419 587 1599 640; x_wconf 82' lang='lat' dir='ltr'><strong>gaudere</strong></span> <span class='ocrx_word' id='word_1_69' title='bbox 1620 585 1768 637; x_wconf 74' lang='lat' dir='ltr'><strong>(veluti</strong></span> 
     </span>
     <span class='ocr_line' id='line_1_11' title="bbox 239 653 1764 706; baseline 0 -10"><span class='ocrx_word' id='word_1_70' title='bbox 239 677 244 690; x_wconf 65' lang='grc' dir='ltr'><strong>ι</strong></span> <span class='ocrx_word' id='word_1_71' title='bbox 298 655 342 696; x_wconf 91' lang='lat' dir='ltr'><strong>in</strong></span> <span class='ocrx_word' id='word_1_72' title='bbox 371 655 552 697; x_wconf 81' lang='lat' dir='ltr'><strong>oratione</strong></span> <span class='ocrx_word' id='word_1_73' title='bbox 580 654 785 699; x_wconf 79' lang='lat' dir='ltr'><strong>Anchisae</strong></span> <span class='ocrx_word' id='word_1_74' title='bbox 812 655 907 695; x_wconf 90' lang='lat' dir='ltr'><strong>inde</strong></span> <span class='ocrx_word' id='word_1_75' title='bbox 936 667 961 695; x_wconf 83' lang='lat' dir='ltr'><strong>a</strong></span> <span class='ocrx_word' id='word_1_76' title='bbox 988 667 1113 695; x_wconf 85' lang='lat' dir='ltr'><strong>versu</strong></span> <span class='ocrx_word' id='word_1_77' title='bbox 1138 655 1239 706; x_wconf 86' lang='lat'>145)</span> <span class='ocrx_word' id='word_1_78' title='bbox 1268 667 1343 696; x_wconf 90' lang='lat' dir='ltr'><strong>nec</strong></span> <span class='ocrx_word' id='word_1_79' title='bbox 1372 668 1453 696; x_wconf 90' lang='lat' dir='ltr'><strong>non</strong></span> <span class='ocrx_word' id='word_1_80' title='bbox 1482 667 1576 696; x_wconf 90' lang='lat' dir='ltr'><strong>eum</strong></span> <span class='ocrx_word' id='word_1_81' title='bbox 1592 653 1764 696; x_wconf 81' lang='lat' dir='ltr'><strong>subinde</strong></span> 
     </span>
    </p>
   </div>
   <div class='ocr_carea' id='block_1_7' title="bbox 137 694 1833 847">
    <p class='ocr_par' dir='ltr' id='par_1_7' title="bbox 137 694 1833 847">
     <span class='ocr_line' id='line_1_12' title="bbox 137 694 1764 777; baseline -0.001 -12"><span class='ocrx_word' id='word_1_82' title='bbox 137 694 140 696; x_wconf 15' lang='lat' dir='ltr'>v</span> <span class='ocrx_word' id='word_1_83' title='bbox 200 701 202 705; x_wconf 17' lang='lat' dir='ltr'>y</span> <span class='ocrx_word' id='word_1_84' title='bbox 240 732 270 744; x_wconf 67' lang='lat'><strong>·‘</strong></span> <span class='ocrx_word' id='word_1_85' title='bbox 298 717 445 765; x_wconf 69' lang='lat' dir='ltr'><strong>docere</strong></span> <span class='ocrx_word' id='word_1_86' title='bbox 475 724 620 776; x_wconf 87' lang='lat' dir='ltr'><strong>(veluti</strong></span> <span class='ocrx_word' id='word_1_87' title='bbox 645 725 687 764; x_wconf 90' lang='lat' dir='ltr'><strong>in</strong></span> <span class='ocrx_word' id='word_1_88' title='bbox 715 738 783 764; x_wconf 81' lang='lat' dir='ltr'><strong>vv.</strong></span> <span class='ocrx_word' id='word_1_89' title='bbox 804 727 861 764; x_wconf 86' lang='lat'><strong>40</strong></span> <span class='ocrx_word' id='word_1_90' title='bbox 888 737 985 777; x_wconf 69' lang='lat' dir='ltr'><strong>sqq„</strong></span> <span class='ocrx_word' id='word_1_91' title='bbox 1018 727 1069 764; x_wconf 96' lang='grc'><strong>97</strong></span> <span class='ocrx_word' id='word_1_92' title='bbox 1094 736 1179 777; x_wconf 89' lang='lat' dir='ltr'><strong>sqq.</strong></span> <span class='ocrx_word' id='word_1_93' title='bbox 1206 724 1271 763; x_wconf 86' lang='lat' dir='ltr'><strong>all.</strong></span> <span class='ocrx_word' id='word_1_94' title='bbox 1300 724 1360 774; x_wconf 90' lang='lat' dir='ltr'><strong>ll.)</strong></span> <span class='ocrx_word' id='word_1_95' title='bbox 1390 737 1438 765; x_wconf 83' lang='lat' dir='ltr'><strong>ae</strong></span> <span class='ocrx_word' id='word_1_96' title='bbox 1464 725 1645 777; x_wconf 86' lang='lat' dir='ltr'><strong>proferre</strong></span> <span class='ocrx_word' id='word_1_97' title='bbox 1673 735 1764 764; x_wconf 83' lang='lat' dir='ltr'><strong>sen·</strong></span> 
     </span>
     <span class='ocr_line' id='line_1_13' title="bbox 298 789 1833 847; baseline -0.001 -13"><span class='ocrx_word' id='word_1_98' title='bbox 298 792 451 835; x_wconf 75' lang='lat' dir='ltr'><strong>tentiae</strong></span> <span class='ocrx_word' id='word_1_99' title='bbox 488 791 690 833; x_wconf 82' lang='lat' dir='ltr'><strong>brevitate</strong></span> <span class='ocrx_word' id='word_1_100' title='bbox 730 793 929 845; x_wconf 84' lang='lat' dir='ltr'><strong>augentes</strong></span> <span class='ocrx_word' id='word_1_101' title='bbox 959 791 1206 845; x_wconf 85' lang='lat' dir='ltr'><strong>gravitatem</strong></span> <span class='ocrx_word' id='word_1_102' title='bbox 1235 804 1363 846; x_wconf 84' lang='lat' dir='ltr'><strong>aeque</strong></span> <span class='ocrx_word' id='word_1_103' title='bbox 1394 794 1516 847; x_wconf 85' lang='lat' dir='ltr'><strong>atque</strong></span> <span class='ocrx_word' id='word_1_104' title='bbox 1539 791 1764 839; x_wconf 80' lang='lat' dir='ltr'><strong>Hesiodum</strong></span> <span class='ocrx_word' id='word_1_105' title='bbox 1830 789 1833 791; x_wconf 76' lang='grc'><strong>’</strong></span> 
     </span>
    </p>
   </div>
   <div class='ocr_carea' id='block_1_8' title="bbox 0 1332 202 2805">
    <p class='ocr_par' dir='ltr' id='par_1_8' title="bbox 0 1332 202 2805">
     <span class='ocr_line' id='line_1_14' title="bbox 0 1332 136 1560; baseline 0 -74"><span class='ocrx_word' id='word_1_106' title='bbox 0 1332 136 1560; x_wconf 95' lang='lat' dir='ltr'><strong>   </strong></span> 
     </span>
     <span class='ocr_line' id='line_1_15' title="bbox 0 1560 136 1627; baseline 0 1533"><span class='ocrx_word' id='word_1_107' title='bbox 0 1560 136 1627; x_wconf 95' lang='lat' dir='ltr'><strong> </strong></span> 
     </span>
     <span class='ocr_line' id='line_1_16' title="bbox 0 1627 136 1698; baseline 0 1462"><span class='ocrx_word' id='word_1_108' title='bbox 0 1627 136 1698; x_wconf 95' lang='lat' dir='ltr'><strong> </strong></span> 
     </span>
     <span class='ocr_line' id='line_1_17' title="bbox 0 1698 136 1764; baseline 0 1396"><span class='ocrx_word' id='word_1_109' title='bbox 0 1698 136 1764; x_wconf 95' lang='lat' dir='ltr'><strong> </strong></span> 
     </span>
     <span class='ocr_line' id='line_1_18' title="bbox 0 1764 136 1832; baseline 0 1328"><span class='ocrx_word' id='word_1_110' title='bbox 0 1764 136 1832; x_wconf 95' lang='lat' dir='ltr'><strong> </strong></span> 
     </span>
     <span class='ocr_line' id='line_1_19' title="bbox 0 1832 135 1903; baseline 0 1257"><span class='ocrx_word' id='word_1_111' title='bbox 0 1832 135 1903; x_wconf 95' lang='lat' dir='ltr'><strong> </strong></span> 
     </span>
     <span class='ocr_line' id='line_1_20' title="bbox 0 1903 135 1971; baseline 0 1189"><span class='ocrx_word' id='word_1_112' title='bbox 0 1903 135 1971; x_wconf 95' lang='lat' dir='ltr'><strong> </strong></span> 
     </span>
     <span class='ocr_line' id='line_1_21' title="bbox 0 1971 135 2038; baseline 0 1122"><span class='ocrx_word' id='word_1_113' title='bbox 0 1971 135 2038; x_wconf 95' lang='lat' dir='ltr'><strong> </strong></span> 
     </span>
     <span class='ocr_line' id='line_1_22' title="bbox 0 2038 169 2110; baseline 0 1050"><span class='ocrx_word' id='word_1_114' title='bbox 0 2038 169 2110; x_wconf 95' lang='lat' dir='ltr'><strong> </strong></span> 
     </span>
     <span class='ocr_line' id='line_1_23' title="bbox 0 2110 193 2179; baseline 0 981"><span class='ocrx_word' id='word_1_115' title='bbox 0 2110 193 2179; x_wconf 95' lang='lat' dir='ltr'><strong> </strong></span> 
     </span>
     <span class='ocr_line' id='line_1_24' title="bbox 0 2179 193 2247; baseline 0 913"><span class='ocrx_word' id='word_1_116' title='bbox 0 2179 193 2247; x_wconf 95' lang='lat' dir='ltr'><strong> </strong></span> 
     </span>
     <span class='ocr_line' id='line_1_25' title="bbox 0 2247 193 2314; baseline 0 846"><span class='ocrx_word' id='word_1_117' title='bbox 0 2247 193 2314; x_wconf 95' lang='lat' dir='ltr'><strong> </strong></span> 
     </span>
     <span class='ocr_line' id='line_1_26' title="bbox 0 2314 191 2388; baseline 0 772"><span class='ocrx_word' id='word_1_118' title='bbox 0 2314 191 2388; x_wconf 95' lang='lat' dir='ltr'><strong> </strong></span> 
     </span>
     <span class='ocr_line' id='line_1_27' title="bbox 0 2388 197 2455; baseline 0 705"><span class='ocrx_word' id='word_1_119' title='bbox 0 2388 197 2455; x_wconf 95' lang='lat' dir='ltr'><strong> </strong></span> 
     </span>
     <span class='ocr_line' id='line_1_28' title="bbox 0 2455 199 2646; baseline 0 -55"><span class='ocrx_word' id='word_1_120' title='bbox 0 2455 199 2646; x_wconf 95' lang='lat' dir='ltr'><strong>   </strong></span> 
     </span>
     <span class='ocr_line' id='line_1_29' title="bbox 0 2646 202 2805; baseline 0 0"><span class='ocrx_word' id='word_1_121' title='bbox 0 2646 202 2805; x_wconf 95' lang='lat' dir='ltr'><strong>  </strong></span> 
     </span>
    </p>
   </div>
   <div class='ocr_carea' id='block_1_9' title="bbox 37 1217 104 1252">
    <p class='ocr_par' dir='ltr' id='par_1_9' title="bbox 37 1217 104 1252">
     <span class='ocr_line' id='line_1_30' title="bbox 46 1217 104 1244; baseline -0.017 0"><span class='ocrx_word' id='word_1_122' title='bbox 46 1224 69 1244; x_wconf 58' lang='grc' dir='ltr'><strong>ἲς,</strong></span> <span class='ocrx_word' id='word_1_123' title='bbox 79 1217 104 1239; x_wconf 33' lang='grc' dir='ltr'><strong>ἱἱἱ</strong></span> 
     </span>
     <span class='ocr_line' id='line_1_31' title="bbox 37 1242 52 1252; baseline 0 -5"><span class='ocrx_word' id='word_1_124' title='bbox 37 1242 52 1252; x_wconf 66' lang='grc'><strong>,,,</strong></span> 
     </span>
    </p>
   </div>
   <div class='ocr_carea' id='block_1_10' title="bbox 247 860 1764 2563">
    <p class='ocr_par' dir='ltr' id='par_1_10' title="bbox 283 860 1764 1188">
     <span class='ocr_line' id='line_1_32' title="bbox 298 860 1764 912; baseline -0.001 -10"><span class='ocrx_word' id='word_1_125' title='bbox 298 860 341 902; x_wconf 84' lang='grc' dir='ltr'><strong>ἱιι</strong></span> <span class='ocrx_word' id='word_1_126' title='bbox 389 861 565 902; x_wconf 76' lang='lat' dir='ltr'><strong>carmine</strong></span> <span class='ocrx_word' id='word_1_127' title='bbox 609 860 806 901; x_wconf 82' lang='lat' dir='ltr'><strong>didactico</strong></span> <span class='ocrx_word' id='word_1_128' title='bbox 854 861 999 912; x_wconf 87' lang='lat' dir='ltr'><strong>(veluti</strong></span> <span class='ocrx_word' id='word_1_129' title='bbox 1035 861 1077 901; x_wconf 91' lang='lat' dir='ltr'><strong>in</strong></span> <span class='ocrx_word' id='word_1_130' title='bbox 1105 874 1173 900; x_wconf 84' lang='lat' dir='ltr'><strong>vv.</strong></span> <span class='ocrx_word' id='word_1_131' title='bbox 1204 864 1284 901; x_wconf 94' lang='grc'><strong>177</strong></span> <span class='ocrx_word' id='word_1_132' title='bbox 1309 884 1364 890; x_wconf 91' lang='grc'>-</span> <span class='ocrx_word' id='word_1_133' title='bbox 1385 864 1467 902; x_wconf 91' lang='grc'><strong>179</strong></span> <span class='ocrx_word' id='word_1_134' title='bbox 1504 862 1546 901; x_wconf 82' lang='grc' dir='ltr'><strong>ἰιι</strong></span> <span class='ocrx_word' id='word_1_135' title='bbox 1583 861 1764 902; x_wconf 83' lang='lat' dir='ltr'><strong>oratione</strong></span> 
     </span>
     <span class='ocr_line' id='line_1_33' title="bbox 283 928 1763 984; baseline -0.001 -14"><span class='ocrx_word' id='word_1_136' title='bbox 283 928 500 981; x_wconf 67' lang='lat' dir='ltr'><strong>Veneris).</strong></span> <span class='ocrx_word' id='word_1_137' title='bbox 556 928 741 983; x_wconf 87' lang='lat' dir='ltr'><strong>Denique</strong></span> <span class='ocrx_word' id='word_1_138' title='bbox 771 929 1043 970; x_wconf 85' lang='lat' dir='ltr'><strong>adnotandum</strong></span> <span class='ocrx_word' id='word_1_139' title='bbox 1070 930 1147 980; x_wconf 82' lang='lat' dir='ltr'><strong>est,</strong></span> <span class='ocrx_word' id='word_1_140' title='bbox 1178 941 1203 969; x_wconf 83' lang='lat' dir='ltr'><strong>a</strong></span> <span class='ocrx_word' id='word_1_141' title='bbox 1231 929 1347 970; x_wconf 88' lang='lat' dir='ltr'><strong>nobis</strong></span> <span class='ocrx_word' id='word_1_142' title='bbox 1378 928 1543 984; x_wconf 85' lang='lat' dir='ltr'><strong>saepius</strong></span> <span class='ocrx_word' id='word_1_143' title='bbox 1568 928 1763 971; x_wconf 79' lang='lat' dir='ltr'><strong>orationis</strong></span> 
     </span>
     <span class='ocr_line' id='line_1_34' title="bbox 297 997 1762 1052; baseline 0 -14"><span class='ocrx_word' id='word_1_144' title='bbox 297 998 627 1052; x_wconf 68' lang='lat' dir='ltr'><strong>aequabilitatem</strong></span> <span class='ocrx_word' id='word_1_145' title='bbox 665 997 887 1038; x_wconf 88' lang='lat' dir='ltr'><strong>desiderari</strong></span> <span class='ocrx_word' id='word_1_146' title='bbox 925 1010 1080 1051; x_wconf 91' lang='lat' dir='ltr'><strong>nosque</strong></span> <span class='ocrx_word' id='word_1_147' title='bbox 1109 997 1257 1037; x_wconf 82' lang='lat' dir='ltr'><strong>offendi</strong></span> <span class='ocrx_word' id='word_1_148' title='bbox 1286 998 1762 1050; x_wconf 84' lang='lat' dir='ltr'><strong>orationis&#39;digressiene</strong></span> 
     </span>
     <span class='ocr_line' id='line_1_35' title="bbox 296 1065 1763 1120; baseline -0.001 -12.005"><span class='ocrx_word' id='word_1_149' title='bbox 296 1066 462 1108; x_wconf 86' lang='lat' dir='ltr'><strong>nimium</strong></span> <span class='ocrx_word' id='word_1_150' title='bbox 503 1067 636 1120; x_wconf 85' lang='lat' dir='ltr'><strong>longa.</strong></span> <span class='ocrx_word' id='word_1_151' title='bbox 714 1065 839 1108; x_wconf 83' lang='lat' dir='ltr'><strong>Cuius</strong></span> <span class='ocrx_word' id='word_1_152' title='bbox 888 1066 947 1107; x_wconf 89' lang='lat' dir='ltr'><strong>rei</strong></span> <span class='ocrx_word' id='word_1_153' title='bbox 984 1066 1349 1107; x_wconf 86' lang='lat' dir='ltr'><strong>luculentissimum</strong></span> <span class='ocrx_word' id='word_1_154' title='bbox 1371 1066 1602 1120; x_wconf 82' lang='lat' dir='ltr'><strong>exemplum</strong></span> <span class='ocrx_word' id='word_1_155' title='bbox 1629 1065 1763 1107; x_wconf 88' lang='lat' dir='ltr'><strong>estin</strong></span> 
     </span>
     <span class='ocr_line' id='line_1_36' title="bbox 296 1134 1432 1188; baseline 0 -13"><span class='ocrx_word' id='word_1_156' title='bbox 296 1134 469 1176; x_wconf 88' lang='lat' dir='ltr'><strong>Veneris</strong></span> <span class='ocrx_word' id='word_1_157' title='bbox 499 1135 679 1175; x_wconf 89' lang='lat' dir='ltr'><strong>oratione</strong></span> <span class='ocrx_word' id='word_1_158' title='bbox 704 1135 797 1174; x_wconf 88' lang='lat' dir='ltr'><strong>inde</strong></span> <span class='ocrx_word' id='word_1_159' title='bbox 827 1147 851 1174; x_wconf 85' lang='lat' dir='ltr'><strong>a</strong></span> <span class='ocrx_word' id='word_1_160' title='bbox 878 1148 917 1174; x_wconf 83' lang='lat' dir='ltr'><strong>v.</strong></span> <span class='ocrx_word' id='word_1_161' title='bbox 949 1138 1027 1174; x_wconf 89' lang='grc'><strong>191</strong></span> <span class='ocrx_word' id='word_1_162' title='bbox 1061 1147 1191 1188; x_wconf 87' lang='lat' dir='ltr'><strong>usque</strong></span> <span class='ocrx_word' id='word_1_163' title='bbox 1221 1136 1273 1174; x_wconf 84' lang='lat' dir='ltr'><strong>ad</strong></span> <span class='ocrx_word' id='word_1_164' title='bbox 1301 1135 1432 1175; x_wconf 84' lang='lat' dir='ltr'><strong>finem.</strong></span> 
     </span>
    </p>

    <p class='ocr_par' dir='ltr' id='par_1_11' title="bbox 294 1203 1762 1460">
     <span class='ocr_line' id='line_1_37' title="bbox 409 1203 1762 1258; baseline 0 -14"><span class='ocrx_word' id='word_1_165' title='bbox 409 1203 468 1244; x_wconf 87' lang='lat' dir='ltr'><strong>At</strong></span> <span class='ocrx_word' id='word_1_166' title='bbox 503 1203 686 1257; x_wconf 84' lang='lat' dir='ltr'><strong>exceptis</strong></span> <span class='ocrx_word' id='word_1_167' title='bbox 718 1203 803 1254; x_wconf 90' lang='lat' dir='ltr'><strong>his,</strong></span> <span class='ocrx_word' id='word_1_168' title='bbox 849 1215 952 1257; x_wconf 89' lang='lat' dir='ltr'><strong>quas</strong></span> <span class='ocrx_word' id='word_1_169' title='bbox 992 1203 1298 1257; x_wconf 85' lang='lat' dir='ltr'><strong>descripsimus,</strong></span> <span class='ocrx_word' id='word_1_170' title='bbox 1341 1203 1556 1244; x_wconf 85' lang='lat' dir='ltr'><strong>hesiodeae</strong></span> <span class='ocrx_word' id='word_1_171' title='bbox 1590 1207 1762 1258; x_wconf 80' lang='lat' dir='ltr'><strong>poeseos</strong></span> 
     </span>
     <span class='ocr_line' id='line_1_38' title="bbox 295 1271 1762 1326; baseline -0.001 -13"><span class='ocrx_word' id='word_1_172' title='bbox 295 1273 609 1325; x_wconf 87' lang='lat' dir='ltr'><strong>proprietatibus</strong></span> <span class='ocrx_word' id='word_1_173' title='bbox 657 1271 928 1312; x_wconf 86' lang='lat' dir='ltr'><strong>confitendum</strong></span> <span class='ocrx_word' id='word_1_174' title='bbox 957 1274 1043 1322; x_wconf 91' lang='lat' dir='ltr'><strong>est,</strong></span> <span class='ocrx_word' id='word_1_175' title='bbox 1095 1285 1193 1325; x_wconf 86' lang='lat' dir='ltr'><strong>prae</strong></span> <span class='ocrx_word' id='word_1_176' title='bbox 1221 1273 1370 1312; x_wconf 82' lang='lat' dir='ltr'><strong>ceteris</strong></span> <span class='ocrx_word' id='word_1_177' title='bbox 1398 1273 1563 1326; x_wconf 82' lang='lat' dir='ltr'><strong>hymnis</strong></span> <span class='ocrx_word' id='word_1_178' title='bbox 1600 1284 1762 1312; x_wconf 80' lang='lat' dir='ltr'><strong>carmen</strong></span> 
     </span>
     <span class='ocr_line' id='line_1_39' title="bbox 294 1339 1761 1395; baseline 0 -14"><span class='ocrx_word' id='word_1_179' title='bbox 294 1342 476 1381; x_wconf 88' lang='lat' dir='ltr'><strong>nostrum</strong></span> <span class='ocrx_word' id='word_1_180' title='bbox 506 1340 714 1391; x_wconf 82' lang='lat' dir='ltr'><strong>„iucunda</strong></span> <span class='ocrx_word' id='word_1_181' title='bbox 732 1340 987 1381; x_wconf 79' lang='lat' dir='ltr'><strong>enarratione</strong></span> <span class='ocrx_word' id='word_1_182' title='bbox 1006 1339 1196 1395; x_wconf 91' lang='lat' dir='ltr'><strong>mollique</strong></span> <span class='ocrx_word' id='word_1_183' title='bbox 1214 1340 1470 1394; x_wconf 88' lang='lat' dir='ltr'><strong>eloquentiae</strong></span> <span class='ocrx_word' id='word_1_184' title='bbox 1489 1353 1587 1381; x_wconf 83' lang='lat' dir='ltr'><strong>vere</strong></span> <span class='ocrx_word' id='word_1_185' title='bbox 1606 1340 1761 1381; x_wconf 81' lang='lat' dir='ltr'><strong>ionicae</strong></span> 
     </span>
     <span class='ocr_line' id='line_1_40' title="bbox 294 1400 738 1460; baseline 0 -12"><span class='ocrx_word' id='word_1_186' title='bbox 294 1400 457 1449; x_wconf 86' lang='lat' dir='ltr'><strong>flumine</strong></span> <span class='ocrx_word' id='word_1_187' title='bbox 488 1408 738 1460; x_wconf 84' lang='lat' dir='ltr'><strong>splendere.“</strong></span> 
     </span>
    </p>

    <p class='ocr_par' dir='ltr' id='par_1_12' title="bbox 247 1475 1759 2563">
     <span class='ocr_line' id='line_1_41' title="bbox 411 1475 1759 1532; baseline 0.002 -16"><span class='ocrx_word' id='word_1_188' title='bbox 411 1475 520 1530; x_wconf 89' lang='lat' dir='ltr'><strong>Apte</strong></span> <span class='ocrx_word' id='word_1_189' title='bbox 549 1489 648 1517; x_wconf 82' lang='lat' dir='ltr'><strong>vero</strong></span> <span class='ocrx_word' id='word_1_190' title='bbox 668 1489 749 1517; x_wconf 92' lang='lat' dir='ltr'><strong>non</strong></span> <span class='ocrx_word' id='word_1_191' title='bbox 768 1476 937 1528; x_wconf 82' lang='lat' dir='ltr'><strong>diceres,</strong></span> <span class='ocrx_word' id='word_1_192' title='bbox 965 1476 1000 1517; x_wconf 88' lang='lat' dir='ltr'><strong>si</strong></span> <span class='ocrx_word' id='word_1_193' title='bbox 1020 1477 1352 1518; x_wconf 89' lang='lat' dir='ltr'><strong>consuetudinem</strong></span> <span class='ocrx_word' id='word_1_194' title='bbox 1372 1476 1623 1532; x_wconf 84' lang='lat' dir='ltr'><strong>exquirendi,</strong></span> <span class='ocrx_word' id='word_1_195' title='bbox 1651 1477 1759 1528; x_wconf 90' lang='lat' dir='ltr'><strong>unde</strong></span> 
     </span>
     <span class='ocr_line' id='line_1_42' title="bbox 292 1546 1757 1600; baseline 0 -12"><span class='ocrx_word' id='word_1_196' title='bbox 292 1547 419 1588; x_wconf 82' lang='lat' dir='ltr'><strong>verba</strong></span> <span class='ocrx_word' id='word_1_197' title='bbox 455 1546 537 1587; x_wconf 88' lang='lat' dir='ltr'><strong>sint</strong></span> <span class='ocrx_word' id='word_1_198' title='bbox 576 1547 717 1597; x_wconf 86' lang='lat' dir='ltr'><strong>ducta,</strong></span> <span class='ocrx_word' id='word_1_199' title='bbox 757 1559 860 1600; x_wconf 88' lang='lat' dir='ltr'><strong>quae</strong></span> <span class='ocrx_word' id='word_1_200' title='bbox 897 1546 1075 1587; x_wconf 90' lang='lat' dir='ltr'><strong>cernitur</strong></span> <span class='ocrx_word' id='word_1_201' title='bbox 1116 1546 1159 1586; x_wconf 90' lang='lat' dir='ltr'><strong>in</strong></span> <span class='ocrx_word' id='word_1_202' title='bbox 1195 1546 1334 1600; x_wconf 84' lang='lat' dir='ltr'><strong>hymni</strong></span> <span class='ocrx_word' id='word_1_203' title='bbox 1369 1560 1436 1586; x_wconf 86' lang='lat' dir='ltr'><strong>vv.</strong></span> <span class='ocrx_word' id='word_1_204' title='bbox 1459 1549 1540 1587; x_wconf 85' lang='lat'><strong>198</strong></span> <span class='ocrx_word' id='word_1_205' title='bbox 1581 1548 1624 1587; x_wconf 86' lang='lat' dir='ltr'><strong>et</strong></span> <span class='ocrx_word' id='word_1_206' title='bbox 1661 1550 1757 1598; x_wconf 87' lang='lat'>199,</span> 
     </span>
     <span class='ocr_line' id='line_1_43' title="bbox 295 1601 1758 1670; baseline 0 -13"><span class='ocrx_word' id='word_1_207' title='bbox 295 1601 463 1669; x_wconf 77' lang='lat' dir='ltr'><strong>putares</strong></span> <span class='ocrx_word' id='word_1_208' title='bbox 504 1628 596 1657; x_wconf 88' lang='lat' dir='ltr'><strong>esse</strong></span> <span class='ocrx_word' id='word_1_209' title='bbox 635 1615 889 1666; x_wconf 87' lang='lat' dir='ltr'><strong>hesiodeam,</strong></span> <span class='ocrx_word' id='word_1_210' title='bbox 918 1628 1041 1670; x_wconf 90' lang='lat' dir='ltr'><strong>quum</strong></span> <span class='ocrx_word' id='word_1_211' title='bbox 1069 1614 1290 1656; x_wconf 89' lang='lat' dir='ltr'><strong>Homerum</strong></span> <span class='ocrx_word' id='word_1_212' title='bbox 1316 1615 1423 1656; x_wconf 89' lang='lat' dir='ltr'><strong>idem</strong></span> <span class='ocrx_word' id='word_1_213' title='bbox 1452 1615 1598 1656; x_wconf 79' lang='lat' dir='ltr'><strong>fecisse</strong></span> <span class='ocrx_word' id='word_1_214' title='bbox 1628 1615 1758 1657; x_wconf 81' lang='lat' dir='ltr'><strong>testes</strong></span> 
     </span>
     <span class='ocr_line' id='line_1_44' title="bbox 296 1683 1757 1737; baseline -0.001 -12"><span class='ocrx_word' id='word_1_215' title='bbox 296 1685 378 1725; x_wconf 75' lang='lat' dir='ltr'><strong>sint</strong></span> <span class='ocrx_word' id='word_1_216' title='bbox 425 1685 532 1725; x_wconf 91' lang='lat' dir='ltr'><strong>inter</strong></span> <span class='ocrx_word' id='word_1_217' title='bbox 569 1685 669 1725; x_wconf 86' lang='lat' dir='ltr'><strong>alios</strong></span> <span class='ocrx_word' id='word_1_218' title='bbox 710 1684 821 1725; x_wconf 92' lang='lat' dir='ltr'><strong>locos</strong></span> <span class='ocrx_word' id='word_1_219' title='bbox 859 1697 1005 1725; x_wconf 80' lang='lat' dir='ltr'><strong>versus</strong></span> <span class='ocrx_word' id='word_1_220' title='bbox 1042 1683 1191 1737; x_wconf 88' lang='lat' dir='ltr'><strong>Odyss.</strong></span> <span class='ocrx_word' id='word_1_221' title='bbox 1221 1697 1258 1734; x_wconf 83' lang='grc' dir='ltr'><strong>τ,</strong></span> <span class='ocrx_word' id='word_1_222' title='bbox 1289 1686 1385 1727; x_wconf 86' lang='grc'><strong>260.</strong></span> <span class='ocrx_word' id='word_1_223' title='bbox 1418 1689 1468 1737; x_wconf 84' lang='grc' dir='ltr'><strong>ψ,</strong></span> <span class='ocrx_word' id='word_1_224' title='bbox 1512 1687 1578 1734; x_wconf 83' lang='grc'><strong>19,</strong></span> <span class='ocrx_word' id='word_1_225' title='bbox 1611 1686 1649 1735; x_wconf 84' lang='grc'><strong>6,</strong></span> <span class='ocrx_word' id='word_1_226' title='bbox 1688 1687 1757 1726; x_wconf 85' lang='grc'><strong>73.</strong></span> 
     </span>
     <span class='ocr_line' id='line_1_45' title="bbox 297 1753 1759 1806; baseline -0.001 -11"><span class='ocrx_word' id='word_1_227' title='bbox 297 1753 448 1796; x_wconf 83' lang='lat' dir='ltr'><strong>Contra</strong></span> <span class='ocrx_word' id='word_1_228' title='bbox 485 1767 509 1794; x_wconf 90' lang='lat' dir='ltr'><strong>e</strong></span> <span class='ocrx_word' id='word_1_229' title='bbox 544 1753 803 1794; x_wconf 82' lang='lat' dir='ltr'><strong>similitudine</strong></span> <span class='ocrx_word' id='word_1_230' title='bbox 843 1753 1031 1806; x_wconf 86' lang='lat' dir='ltr'><strong>theogon.</strong></span> <span class='ocrx_word' id='word_1_231' title='bbox 1058 1766 1096 1793; x_wconf 85' lang='lat' dir='ltr'><strong>v.</strong></span> <span class='ocrx_word' id='word_1_232' title='bbox 1128 1754 1210 1794; x_wconf 84' lang='lat'><strong>582</strong></span> <span class='ocrx_word' id='word_1_233' title='bbox 1252 1755 1362 1794; x_wconf 85' lang='lat' dir='ltr'><strong>recte</strong></span> <span class='ocrx_word' id='word_1_234' title='bbox 1398 1754 1566 1806; x_wconf 84' lang='lat' dir='ltr'><strong>putares</strong></span> <span class='ocrx_word' id='word_1_235' title='bbox 1592 1765 1759 1794; x_wconf 83' lang='lat' dir='ltr'><strong>versum</strong></span> 
     </span>
     <span class='ocr_line' id='line_1_46' title="bbox 247 1820 1756 1876; baseline 0 -13"><span class='ocrx_word' id='word_1_236' title='bbox 247 1829 249 1831; x_wconf 82' lang='grc'><strong>’</strong></span> <span class='ocrx_word' id='word_1_237' title='bbox 267 1821 277 1827; x_wconf 80' lang='grc'><strong>““</strong></span> <span class='ocrx_word' id='word_1_238' title='bbox 293 1822 433 1875; x_wconf 84' lang='lat' dir='ltr'><strong>hymni</strong></span> <span class='ocrx_word' id='word_1_239' title='bbox 457 1823 641 1876; x_wconf 79' lang='lat' dir='ltr'><strong>quintum</strong></span> <span class='ocrx_word' id='word_1_240' title='bbox 670 1822 928 1862; x_wconf 87' lang='lat' dir='ltr'><strong>tribuendum</strong></span> <span class='ocrx_word' id='word_1_241' title='bbox 941 1835 1033 1862; x_wconf 91' lang='lat' dir='ltr'><strong>esse</strong></span> <span class='ocrx_word' id='word_1_242' title='bbox 1055 1821 1270 1861; x_wconf 84' lang='lat' dir='ltr'><strong>hesiodeae</strong></span> <span class='ocrx_word' id='word_1_243' title='bbox 1290 1820 1466 1871; x_wconf 84' lang='lat' dir='ltr'><strong>dictioni,</strong></span> <span class='ocrx_word' id='word_1_244' title='bbox 1496 1822 1613 1862; x_wconf 87' lang='lat' dir='ltr'><strong>cuius</strong></span> <span class='ocrx_word' id='word_1_245' title='bbox 1631 1823 1756 1863; x_wconf 86' lang='lat' dir='ltr'><strong>vesti-</strong></span> 
     </span>
     <span class='ocr_line' id='line_1_47' title="bbox 294 1890 1759 1944; baseline 0.001 -13"><span class='ocrx_word' id='word_1_246' title='bbox 294 1890 366 1943; x_wconf 79' lang='lat' dir='ltr'><strong>gia</strong></span> <span class='ocrx_word' id='word_1_247' title='bbox 401 1893 613 1944; x_wconf 82' lang='lat' dir='ltr'><strong>praeterea</strong></span> <span class='ocrx_word' id='word_1_248' title='bbox 650 1891 817 1931; x_wconf 85' lang='lat' dir='ltr'><strong>exstant</strong></span> <span class='ocrx_word' id='word_1_249' title='bbox 855 1890 897 1931; x_wconf 88' lang='lat' dir='ltr'><strong>in</strong></span> <span class='ocrx_word' id='word_1_250' title='bbox 933 1890 1071 1944; x_wconf 85' lang='lat' dir='ltr'><strong>hymni</strong></span> <span class='ocrx_word' id='word_1_251' title='bbox 1100 1903 1138 1930; x_wconf 83' lang='lat' dir='ltr'><strong>v.</strong></span> <span class='ocrx_word' id='word_1_252' title='bbox 1169 1891 1274 1940; x_wconf 81' lang='lat'><strong>258,</strong></span> <span class='ocrx_word' id='word_1_253' title='bbox 1328 1902 1499 1944; x_wconf 88' lang='lat' dir='ltr'><strong>quocum</strong></span> <span class='ocrx_word' id='word_1_254' title='bbox 1525 1890 1759 1937; x_wconf 76' lang='lat' dir='ltr'><strong>conferatur</strong></span> 
     </span>
     <span class='ocr_line' id='line_1_48' title="bbox 294 1957 1759 2012; baseline 0.001 -14"><span class='ocrx_word' id='word_1_255' title='bbox 294 1959 535 2012; x_wconf 84' lang='lat' dir='ltr'><strong>theogoniae</strong></span> <span class='ocrx_word' id='word_1_256' title='bbox 585 1971 730 2000; x_wconf 86' lang='lat' dir='ltr'><strong>versus</strong></span> <span class='ocrx_word' id='word_1_257' title='bbox 775 1959 891 1999; x_wconf 86' lang='lat' dir='ltr'><strong>alter.</strong></span> <span class='ocrx_word' id='word_1_258' title='bbox 957 1958 1045 1999; x_wconf 81' lang='lat' dir='ltr'><strong>Nec</strong></span> <span class='ocrx_word' id='word_1_259' title='bbox 1085 1971 1165 1998; x_wconf 93' lang='lat' dir='ltr'><strong>non</strong></span> <span class='ocrx_word' id='word_1_260' title='bbox 1200 1958 1244 1998; x_wconf 88' lang='lat' dir='ltr'><strong>F.</strong></span> <span class='ocrx_word' id='word_1_261' title='bbox 1273 1957 1460 1998; x_wconf 85' lang='lat' dir='ltr'><strong>Rankius</strong></span> <span class='ocrx_word' id='word_1_262' title='bbox 1496 1959 1555 2012; x_wconf 89' lang='lat' dir='ltr'><strong>(in</strong></span> <span class='ocrx_word' id='word_1_263' title='bbox 1588 1958 1759 2000; x_wconf 89' lang='lat' dir='ltr'><strong>Hesiodi</strong></span> 
     </span>
     <span class='ocr_line' id='line_1_49' title="bbox 296 2026 1756 2082; baseline 0 -13"><span class='ocrx_word' id='word_1_264' title='bbox 296 2026 411 2070; x_wconf 82' lang='lat' dir='ltr'><strong>Scuti</strong></span> <span class='ocrx_word' id='word_1_265' title='bbox 449 2027 639 2069; x_wconf 86' lang='lat' dir='ltr'><strong>Herculis</strong></span> <span class='ocrx_word' id='word_1_266' title='bbox 673 2027 850 2069; x_wconf 89' lang='lat' dir='ltr'><strong>editione</strong></span> <span class='ocrx_word' id='word_1_267' title='bbox 886 2041 955 2081; x_wconf 85' lang='lat' dir='ltr'><strong>pg.</strong></span> <span class='ocrx_word' id='word_1_268' title='bbox 988 2030 1072 2069; x_wconf 83' lang='lat'><strong>360</strong></span> <span class='ocrx_word' id='word_1_269' title='bbox 1092 2028 1258 2079; x_wconf 82' lang='lat'><em>—362)</em></span> <span class='ocrx_word' id='word_1_270' title='bbox 1300 2026 1417 2069; x_wconf 87' lang='lat' dir='ltr'><strong>affert</strong></span> <span class='ocrx_word' id='word_1_271' title='bbox 1446 2027 1527 2069; x_wconf 89' lang='lat' dir='ltr'><strong>duo</strong></span> <span class='ocrx_word' id='word_1_272' title='bbox 1557 2028 1756 2082; x_wconf 78' lang='lat' dir='ltr'><strong>exempla,</strong></span> 
     </span>
     <span class='ocr_line' id='line_1_50' title="bbox 287 2094 1757 2151; baseline 0 -14"><span class='ocrx_word' id='word_1_273' title='bbox 287 2097 439 2151; x_wconf 78' lang='lat' dir='ltr'><strong>&#39;quibus</strong></span> <span class='ocrx_word' id='word_1_274' title='bbox 476 2097 617 2151; x_wconf 82' lang='lat' dir='ltr'><strong>hymni</strong></span> <span class='ocrx_word' id='word_1_275' title='bbox 653 2097 732 2137; x_wconf 86' lang='lat' dir='ltr'><strong>loci</strong></span> <span class='ocrx_word' id='word_1_276' title='bbox 771 2097 850 2136; x_wconf 89' lang='lat' dir='ltr'><strong>duo</strong></span> <span class='ocrx_word' id='word_1_277' title='bbox 887 2096 1161 2146; x_wconf 84' lang='lat' dir='ltr'><strong>illustrantur,</strong></span> <span class='ocrx_word' id='word_1_278' title='bbox 1205 2108 1349 2150; x_wconf 88' lang='lat' dir='ltr'><strong>nempe</strong></span> <span class='ocrx_word' id='word_1_279' title='bbox 1389 2094 1505 2137; x_wconf 81' lang='lat' dir='ltr'><strong>Senti</strong></span> <span class='ocrx_word' id='word_1_280' title='bbox 1543 2110 1578 2137; x_wconf 79' lang='grc' dir='ltr'><strong>ν.</strong></span> <span class='ocrx_word' id='word_1_281' title='bbox 1611 2099 1637 2137; x_wconf 89' lang='grc'>8</span> <span class='ocrx_word' id='word_1_282' title='bbox 1666 2107 1757 2137; x_wconf 87' lang='lat' dir='ltr'><strong>cum</strong></span> 
     </span>
     <span class='ocr_line' id='line_1_51' title="bbox 293 2163 1759 2219; baseline 0.001 -14"><span class='ocrx_word' id='word_1_283' title='bbox 293 2165 434 2219; x_wconf 89' lang='lat' dir='ltr'><strong>hymni</strong></span> <span class='ocrx_word' id='word_1_284' title='bbox 463 2179 501 2206; x_wconf 86' lang='lat' dir='ltr'><strong>v.</strong></span> <span class='ocrx_word' id='word_1_285' title='bbox 533 2166 614 2207; x_wconf 85' lang='lat'><strong>175</strong></span> <span class='ocrx_word' id='word_1_286' title='bbox 647 2178 694 2207; x_wconf 85' lang='lat' dir='ltr'><strong>ac</strong></span> <span class='ocrx_word' id='word_1_287' title='bbox 720 2163 835 2206; x_wconf 85' lang='lat' dir='ltr'><strong>Scuti</strong></span> <span class='ocrx_word' id='word_1_288' title='bbox 862 2179 894 2205; x_wconf 84' lang='grc' dir='ltr'><strong>ν.</strong></span> <span class='ocrx_word' id='word_1_289' title='bbox 911 2167 994 2212; x_wconf 79' lang='lat'><strong>204</strong></span> <span class='ocrx_word' id='word_1_290' title='bbox 1024 2178 1113 2206; x_wconf 90' lang='lat' dir='ltr'><strong>cum</strong></span> <span class='ocrx_word' id='word_1_291' title='bbox 1141 2165 1281 2218; x_wconf 89' lang='lat' dir='ltr'><strong>hymni</strong></span> <span class='ocrx_word' id='word_1_292' title='bbox 1310 2179 1349 2205; x_wconf 86' lang='lat' dir='ltr'><strong>v.</strong></span> <span class='ocrx_word' id='word_1_293' title='bbox 1372 2168 1456 2206; x_wconf 86' lang='lat'><strong>120</strong></span> <span class='ocrx_word' id='word_1_294' title='bbox 1487 2165 1660 2206; x_wconf 87' lang='lat' dir='ltr'><strong>conferri</strong></span> <span class='ocrx_word' id='word_1_295' title='bbox 1693 2166 1759 2206; x_wconf 81' lang='lat' dir='ltr'><strong>vir</strong></span> 
     </span>
     <span class='ocr_line' id='line_1_52' title="bbox 292 2232 1755 2287; baseline 0 -12"><span class='ocrx_word' id='word_1_296' title='bbox 292 2233 363 2275; x_wconf 89' lang='lat' dir='ltr'><strong>ille</strong></span> <span class='ocrx_word' id='word_1_297' title='bbox 392 2234 650 2275; x_wconf 87' lang='lat' dir='ltr'><strong>doctissimus</strong></span> <span class='ocrx_word' id='word_1_298' title='bbox 675 2234 798 2274; x_wconf 88' lang='lat' dir='ltr'><strong>iubet.</strong></span> <span class='ocrx_word' id='word_1_299' title='bbox 844 2232 948 2274; x_wconf 83' lang='lat' dir='ltr'><strong>Nolo</strong></span> <span class='ocrx_word' id='word_1_300' title='bbox 969 2233 1062 2274; x_wconf 87' lang='lat' dir='ltr'><strong>dein</strong></span> <span class='ocrx_word' id='word_1_301' title='bbox 1075 2233 1235 2274; x_wconf 87' lang='lat' dir='ltr'><strong>silentio</strong></span> <span class='ocrx_word' id='word_1_302' title='bbox 1254 2234 1490 2287; x_wconf 88' lang='lat' dir='ltr'><strong>praeterire,</strong></span> <span class='ocrx_word' id='word_1_303' title='bbox 1508 2234 1755 2286; x_wconf 88' lang='lat' dir='ltr'><strong>hesiodeum,</strong></span> 
     </span>
     <span class='ocr_line' id='line_1_53' title="bbox 296 2299 1758 2359; baseline 0.001 -16"><span class='ocrx_word' id='word_1_304' title='bbox 296 2316 415 2356; x_wconf 89' lang='lat' dir='ltr'><strong>quem</strong></span> <span class='ocrx_word' id='word_1_305' title='bbox 453 2304 607 2357; x_wconf 86' lang='lat' dir='ltr'><strong>antiqui</strong></span> <span class='ocrx_word' id='word_1_306' title='bbox 644 2303 771 2343; x_wconf 86' lang='lat' dir='ltr'><strong>critici</strong></span> <span class='ocrx_word' id='word_1_307' title='bbox 808 2303 889 2343; x_wconf 89' lang='lat' dir='ltr'><strong>iam</strong></span> <span class='ocrx_word' id='word_1_308' title='bbox 927 2301 987 2342; x_wconf 65' lang='lat' dir='ltr'><strong>in‘</strong></span> <span class='ocrx_word' id='word_1_309' title='bbox 1009 2301 1184 2342; x_wconf 77' lang='lat' dir='ltr'><strong>Homero</strong></span> <span class='ocrx_word' id='word_1_310' title='bbox 1225 2304 1475 2354; x_wconf 75' lang='lat' dir='ltr'><strong>notarunt1,&#39;</strong></span> <span class='ocrx_word' id='word_1_311' title='bbox 1513 2299 1758 2359; x_wconf 67' lang='grc' dir='ltr'><strong><em>χάρακι-ἤρα</em></strong></span> 
     </span>
     <span class='ocr_line' id='line_1_54' title="bbox 295 2370 1754 2427; baseline 0 -15"><span class='ocrx_word' id='word_1_312' title='bbox 295 2370 540 2425; x_wconf 86' lang='lat' dir='ltr'><strong>deprehendi</strong></span> <span class='ocrx_word' id='word_1_313' title='bbox 573 2384 732 2427; x_wconf 91' lang='lat' dir='ltr'><strong>quoque</strong></span> <span class='ocrx_word' id='word_1_314' title='bbox 771 2371 812 2412; x_wconf 91' lang='lat' dir='ltr'><strong>in</strong></span> <span class='ocrx_word' id='word_1_315' title='bbox 849 2370 989 2425; x_wconf 90' lang='lat' dir='ltr'><strong>hymni</strong></span> <span class='ocrx_word' id='word_1_316' title='bbox 1016 2371 1204 2412; x_wconf 86' lang='lat' dir='ltr'><strong>versibus</strong></span> <span class='ocrx_word' id='word_1_317' title='bbox 1229 2374 1282 2412; x_wconf 90' lang='lat'><strong>93</strong></span> <span class='ocrx_word' id='word_1_318' title='bbox 1314 2374 1356 2412; x_wconf 89' lang='lat' dir='ltr'><strong>et</strong></span> <span class='ocrx_word' id='word_1_319' title='bbox 1387 2374 1454 2423; x_wconf 85' lang='lat'><strong>94,</strong></span> <span class='ocrx_word' id='word_1_320' title='bbox 1483 2371 1552 2413; x_wconf 88' lang='lat' dir='ltr'><strong>ubi</strong></span> <span class='ocrx_word' id='word_1_321' title='bbox 1581 2372 1754 2422; x_wconf 83' lang='lat' dir='ltr'><strong>nomina,</strong></span> 
     </span>
     <span class='ocr_line' id='line_1_55' title="bbox 298 2440 1756 2493; baseline 0.001 -12"><span class='ocrx_word' id='word_1_322' title='bbox 298 2441 429 2491; x_wconf 64' lang='lat' dir='ltr'><strong>„sine</strong></span> <span class='ocrx_word' id='word_1_323' title='bbox 459 2441 545 2483; x_wconf 84' lang='lat' dir='ltr'><strong>ulla</strong></span> <span class='ocrx_word' id='word_1_324' title='bbox 577 2441 717 2482; x_wconf 82' lang='lat' dir='ltr'><strong>vivida</strong></span> <span class='ocrx_word' id='word_1_325' title='bbox 745 2440 1015 2493; x_wconf 87' lang='lat' dir='ltr'><strong>descriptione</strong></span> <span class='ocrx_word' id='word_1_326' title='bbox 1052 2440 1166 2481; x_wconf 87' lang='lat' dir='ltr'><strong>arida</strong></span> <span class='ocrx_word' id='word_1_327' title='bbox 1191 2443 1235 2481; x_wconf 89' lang='lat' dir='ltr'><strong>et</strong></span> <span class='ocrx_word' id='word_1_328' title='bbox 1259 2442 1358 2481; x_wconf 86' lang='lat' dir='ltr'><strong>exili</strong></span> <span class='ocrx_word' id='word_1_329' title='bbox 1384 2442 1756 2482; x_wconf 86' lang='lat' dir='ltr'><strong>enummeratione“</strong></span> 
     </span>
     <span class='ocr_line' id='line_1_56' title="bbox 294 2507 1755 2563; baseline 0.001 -15"><span class='ocrx_word' id='word_1_330' title='bbox 294 2509 524 2550; x_wconf 71' lang='lat' dir='ltr'><strong>traduntur.</strong></span> <span class='ocrx_word' id='word_1_331' title='bbox 581 2507 640 2550; x_wconf 87' lang='lat' dir='ltr'><strong>At</strong></span> <span class='ocrx_word' id='word_1_332' title='bbox 674 2510 786 2550; x_wconf 89' lang='lat' dir='ltr'><strong>totus</strong></span> <span class='ocrx_word' id='word_1_333' title='bbox 823 2508 890 2549; x_wconf 86' lang='lat' dir='ltr'><strong>hic</strong></span> <span class='ocrx_word' id='word_1_334' title='bbox 926 2508 1038 2549; x_wconf 86' lang='lat' dir='ltr'><strong>loeus</strong></span> <span class='ocrx_word' id='word_1_335' title='bbox 1076 2511 1292 2563; x_wconf 83' lang='lat' dir='ltr'><strong>corruptus</strong></span> <span class='ocrx_word' id='word_1_336' title='bbox 1333 2522 1425 2550; x_wconf 89' lang='lat' dir='ltr'><strong>esse</strong></span> <span class='ocrx_word' id='word_1_337' title='bbox 1456 2509 1554 2550; x_wconf 89' lang='lat' dir='ltr'><strong>mihi</strong></span> <span class='ocrx_word' id='word_1_338' title='bbox 1582 2509 1755 2551; x_wconf 85' lang='lat' dir='ltr'><strong>videtur.</strong></span> 
     </span>
    </p>
   </div>
   <div class='ocr_carea' id='block_1_11' title="bbox 297 2659 1753 2782">
    <p class='ocr_par' dir='ltr' id='par_1_13' title="bbox 297 2659 1753 2782">
     <span class='ocr_line' id='line_1_57' title="bbox 388 2659 1753 2722; baseline 0.002 -13"><span class='ocrx_word' id='word_1_339' title='bbox 388 2659 426 2720; x_wconf 77' lang='lat'><strong>1)</strong></span> <span class='ocrx_word' id='word_1_340' title='bbox 448 2672 708 2720; x_wconf 79' lang='lat' dir='ltr'><strong>Intelligendus</strong></span> <span class='ocrx_word' id='word_1_341' title='bbox 734 2675 790 2710; x_wconf 86' lang='lat' dir='ltr'><strong>est</strong></span> <span class='ocrx_word' id='word_1_342' title='bbox 810 2671 1043 2710; x_wconf 81' lang='lat' dir='ltr'><strong>Nereidarum</strong></span> <span class='ocrx_word' id='word_1_343' title='bbox 1066 2674 1264 2721; x_wconf 78' lang='lat' dir='ltr'><strong>catalogus,</strong></span> <span class='ocrx_word' id='word_1_344' title='bbox 1288 2675 1351 2721; x_wconf 86' lang='lat' dir='ltr'><strong>qui</strong></span> <span class='ocrx_word' id='word_1_345' title='bbox 1373 2675 1430 2710; x_wconf 86' lang='lat' dir='ltr'><strong>est</strong></span> <span class='ocrx_word' id='word_1_346' title='bbox 1451 2673 1489 2710; x_wconf 90' lang='lat' dir='ltr'><strong>in</strong></span> <span class='ocrx_word' id='word_1_347' title='bbox 1504 2673 1608 2711; x_wconf 78' lang='lat' dir='ltr'><strong>Iliad.</strong></span> <span class='ocrx_word' id='word_1_348' title='bbox 1632 2674 1753 2722; x_wconf 76' lang='lat' dir='ltr'><strong>thaps.</strong></span> 
     </span>
     <span class='ocr_line' id='line_1_58' title="bbox 297 2730 1753 2782; baseline 0.002 -14"><span class='ocrx_word' id='word_1_349' title='bbox 297 2742 338 2770; x_wconf 65' lang='grc' dir='ltr'><strong>σ.,</strong></span> <span class='ocrx_word' id='word_1_350' title='bbox 357 2730 594 2782; x_wconf 76' lang='lat' dir='ltr'><strong>conferantur</strong></span> <span class='ocrx_word' id='word_1_351' title='bbox 615 2742 753 2780; x_wconf 84' lang='lat' dir='ltr'><strong>quoque</strong></span> <span class='ocrx_word' id='word_1_352' title='bbox 775 2731 899 2779; x_wconf 83' lang='lat' dir='ltr'><strong>hymni</strong></span> <span class='ocrx_word' id='word_1_353' title='bbox 921 2731 958 2769; x_wconf 88' lang='lat' dir='ltr'><strong>in</strong></span> <span class='ocrx_word' id='word_1_354' title='bbox 982 2730 1099 2777; x_wconf 88' lang='lat' dir='ltr'><strong>Apoll.</strong></span> <span class='ocrx_word' id='word_1_355' title='bbox 1117 2732 1260 2770; x_wconf 83' lang='lat' dir='ltr'><strong>Delium</strong></span> <span class='ocrx_word' id='word_1_356' title='bbox 1285 2744 1339 2772; x_wconf 77' lang='lat' dir='ltr'><strong>vv.</strong></span> <span class='ocrx_word' id='word_1_357' title='bbox 1354 2733 1518 2777; x_wconf 83' lang='lat'><strong>30-45,</strong></span> <span class='ocrx_word' id='word_1_358' title='bbox 1538 2733 1578 2770; x_wconf 87' lang='lat' dir='ltr'><strong>in</strong></span> <span class='ocrx_word' id='word_1_359' title='bbox 1598 2732 1753 2780; x_wconf 84' lang='lat' dir='ltr'><strong>Apollin.</strong></span> 
     </span>
    </p>
   </div>
   <div class='ocr_carea' id='block_1_12' title="bbox 220 2770 758 2836">
    <p class='ocr_par' dir='ltr' id='par_1_14' title="bbox 220 2770 758 2836">
     <span class='ocr_line' id='line_1_59' title="bbox 220 2770 758 2836; baseline -0.002 -9"><span class='ocrx_word' id='word_1_360' title='bbox 220 2770 232 2785; x_wconf 12' lang='grc' dir='ltr'><strong>γ’</strong></span> <span class='ocrx_word' id='word_1_361' title='bbox 282 2784 464 2836; x_wconf 76' lang='lat' dir='ltr'><strong>&#39;Pythium</strong></span> <span class='ocrx_word' id='word_1_362' title='bbox 487 2800 519 2826; x_wconf 82' lang='lat' dir='ltr'><strong>v,</strong></span> <span class='ocrx_word' id='word_1_363' title='bbox 547 2789 758 2829; x_wconf 78' lang='lat'><strong>244-251.</strong></span> 
     </span>
    </p>
   </div>
   <div class='ocr_carea' id='block_1_13' title="bbox 0 2805 663 3160">
    <p class='ocr_par' dir='ltr' id='par_1_15' title="bbox 0 2805 663 3160">
     <span class='ocr_line' id='line_1_60' title="bbox 0 2805 663 3160; baseline 0 -300"><span class='ocrx_word' id='word_1_364' title='bbox 0 2805 663 3160; x_wconf 95' lang='lat' dir='ltr'><strong>  </strong></span> 
     </span>
    </p>
   </div>
   <div class='ocr_carea' id='block_1_14' title="bbox 1702 2900 1981 3160">
    <p class='ocr_par' dir='ltr' id='par_1_16' title="bbox 1702 2900 1981 3160">
     <span class='ocr_line' id='line_1_61' title="bbox 1702 2900 1981 3160; baseline 0 0"><span class='ocrx_word' id='word_1_365' title='bbox 1702 2900 1981 3160; x_wconf 95' lang='lat' dir='ltr'><strong> </strong></span> 
     </span>
    </p>
   </div>
   <div class='ocr_carea' id='block_1_15' title="bbox 0 462 1972 603">
    <p class='ocr_par' dir='ltr' id='par_1_17' title="bbox 0 462 1972 603">
     <span class='ocr_line' id='line_1_62' title="bbox 0 462 1972 603; baseline 0 -72"><span class='ocrx_word' id='word_1_366' title='bbox 0 531 204 603; x_wconf 95' lang='lat' dir='ltr'><strong> </strong></span> <span class='ocrx_word' id='word_1_367' title='bbox 1912 462 1972 531; x_wconf 95' lang='lat' dir='ltr'><strong> </strong></span> 
     </span>
    </p>
   </div>
  </div>
 </body>
</html>
