1981 3160
818 93 839 112 Ο

907 150 1226 188 ·-1o-

342 284 411 311 res
440 271 616 311 tractata
639 272 765 321 esset,
794 271 836 312 in
863 284 990 311 unum
1019 270 1374 312 confunderentur.
1415 270 1580 312 Etenim
1605 272 1696 313 ille=
1735 273 1818 323 ‚De

342 339 593 392 majoribus,‘
621 340 795 395 inquit,²
824 340 1008 391 3Homeri
1033 339 1196 393 hymnis
1224 339 1362 381 nullus
1382 342 1459 391 est,
1489 353 1611 395 quam
1633 341 1702 382 alii
1721 354 1817 395 poe-

342 410 410 448 tae
433 421 514 448 non
544 409 905 463 interpolaverint:
935 409 1234 461 conjunxerunt
1265 410 1371 450 enim
1385 409 1540 450 librarii
1561 410 1817 451 diversarum

341 477 624 519 recensionum
652 479 874 519 lectiones!
931 478 1053 525 Quod
1083 478 1125 518 in
1147 490 1286 519 omnes
1306 479 1481 533 hymnos
1501 479 1676 521 maiores
1696 479 1817 530 cadit,

341 546 384 586 id
429 546 473 587 in
509 549 697 588 nostrum
737 560 897 602 quoque
935 547 1130 601 hymnum
1166 548 1287 588 cadat
1323 560 1494 589 necesse
1533 550 1610 589 est.
1672 548 1819 602 Itaque

341 615 430 667 agit
467 616 728 657 Hermannus
766 617 808 656 in
848 615 1025 656 editione
1062 616 1223 674 (lig-,¹89
1239 640 1297 646 —
1312 617 1383 669 95)
1422 618 1473 657 de
1513 618 1654 671 hymni
1693 618 1817 658 inter-

342 684 628 737 polationibus,
658 698 761 739 quas
790 697 884 725 esse
909 685 1032 725 iubet.
1091 684 1215 725 Putat
1244 685 1352 726 enim
1380 686 1487 726 hunc
1517 698 1676 740 qnoque
1702 686 1817 739 hym-

341 766 439 793 num
468 766 492 793 e
521 754 680 794 duabus
709 754 1013 794 recensionibus
1043 766 1135 793 esse
1165 754 1403 804 conflatum,
1434 767 1620 808 -quarum
1648 754 1819 794 alteram
1830 755 1844 763 ‘'

342 822 473 862 codex
504 822 803 863 Moscoviensis
833 824 955 875 (nunc
982 821 1214 875 Leidensis)
1243 846 1302 852 —
1331 835 1436 863 anno
1462 825 1573 864 1780
1594 836 1617 863 e
1637 823 1818 863 tenebris

342 890 612 932 bibliothecae
652 890 693 932 S.
724 890 882 946 Synodi
922 904 947 932 a
977 890 1128 936 Christ.
1173 890 1268 932 Frd.
1329 884 1553 933 Matthiaeo
1586 892 1730 932 erutus
1760 915 1819 921 —-

343 961 386 1000 cf
401 960 623 1002 Baumeist.
642 961 799 1014 proleg.
819 975 888 1015 pg.
911 963 965 1003 93
988 985 1042 990 —
1064 962 1113 1002 cf.
1135 975 1260 1015 supra
1279 963 1450 1015 praefat.
1476 975 1544 1015 pg.
1567 959 1623 1017 2),
1647 961 1819 1002 alteram

343 1030 470 1070 ceteri
515 1031 676 1071 codices
726 1034 962 1084 sequuntur.
1032 1031 1167 1077 Quam
1207 1031 1437 1084 opinionem
1476 1032 1523 1070 ut
1562 1030 1820 1070 confirmaret

341 1097 602 1139 Hermannus
634 1099 799 1152 singula
828 1099 1133 1141 accuratissime
1162 1100 1365 1140 tractavit.
1399 1099 1677 1140 Hermannum
1704 1111 1821 1152 prae-

344 1169 550 1219 ceptorem
589 1169 753 1220 excepit
777 1168 873 1207 Frd.
898 1168 1123 1217 Frankius,
1168 1169 1237 1221 qui
1277 1180 1519 1222 quamquam
1547 1168 1598 1208 de
1632 1169 1720 1207 tota
1745 1167 1821 1220 hy-

342 1248 527 1276 mnorum
573 1236 811 1277 collectione
850 1237 1094 1277 sententiam
1123 1237 1219 1277 tulit
1246 1260 1303 1266 ——
1330 1240 1450 1290 putat
1488 1237 1611 1286 enim,
1648 1234 1823 1290 hynfflos

343 1304 518 1344 maiores
547 1317 641 1345 esse
670 1307 877 1359 tamquam
906 1305 1086 1345 carmina
1113 1305 1296 1345 aditialia
1327 1299 1575 1360 (προσόδια)
1605 1305 1648 1345 in
1674 1316 1823 1358 pompa

343 1373 395 1412 ad
435 1374 633 1426 templum
661 1375 879 1415 accedente
909 1376 1093 1415 cantata:
1122 1375 1170 1415 cf.
1200 1375 1327 1428 praef.
1353 1388 1422 1428 pg.
1453 1373 1563 1415 XIX
1589 1397 1657 1424 —,
1685 1375 1822 1414 tamen

343 1442 395 1482 de
424 1434 576 1496 hymno
607 1445 747 1484 nostro
777 1443 977 1496 singulari
1005 1456 1087 1484 non
1117 1444 1215 1496 agit.

455 1510 619 1565 Agmen
640 1512 842 1553 editorum
862 1512 1067 1553 concludit
1086 1512 1406 1563 Baumeisterus‚
1426 1512 1541 1553 cuius
1561 1511 1685 1553 editio
1704 1512 1821 1566 hym-

345 1591 491 1619 norum
531 1581 660 1620 maior
695 1593 731 1620 a.
755 1583 869 1621 1860
908 1581 950 1620 in
989 1581 1122 1621 lucem
1153 1581 1316 1634 prodiit.
1352 1580 1395 1620 Is
1425 1581 1533 1620 enim
1562 1581 1604 1620 in
1633 1580 1821 1633 prolego-

343 1648 472 1688 menis
521 1651 739 1703 postquam
788 1650 961 1702 hymnos
1002 1663 1141 1690 omnes
1182 1649 1359 1690 Homero
1399 1649 1689 1690 abiudicandos
1729 1662 1823 1689 esse

344 1717 544 1768 ostendit,
582 1718 815 1771 suspicatur
853 1731 925 1759 eos
962 1732 1037 1772 per
1073 1718 1398 1768 Onomacritum,
1443 1731 1563 1772 quem
1605 1718 1690 1771 (pg.
1723 1718 1822 1768 103)

343 1786 677 1839 interpolatorem
712 1786 881 1827 Homeri
920 1788 1098 1828 clamant
1136 1800 1275 1827 omnes
1311 1789 1355 1827 et
1383 1787 1425 1827 in
1453 1786 1679 1826 Hesiodum
1707 1799 1823 1838 gras-

346 1857 481 1894 satum
514 1868 608 1894 eum
647 1868 741 1895 esse
775 1869 907 1908 nuper
938 1858 1146 1908 repertum
1189 1857 1274 1905 est,
1315 1855 1383 1895 vel
1414 1867 1488 1907 per
1517 1855 1607 1894 eius
1631 1854 1825 1894 familiam

346 1936 440 1963 esse
470 1924 727 1976 compositos,
757 1926 804 1964 ut
832 1925 1014 1976 ipsorum
1043 1924 1217 1964 novellis
1248 1923 1514 1975 religionibus
1544 1945 1603 1951 —
1621 1921 1822 1975 Orphicas

344 1994 446 2045 puta
475 2015 534 2022 --
564 1993 890 2034 benevolentiam
927 1994 1134 2034 commode
1173 1993 1405 2033 conflarent.
1473 1992 1569 2038 Qua
1607 2002 1662 2031 ex
1692 1991 1843 2031 conie-v

346 2062 463 2101 ctura
477 2061 784 2103 Baumeisterus
814 2062 992 2103 laceram
1020 2065 1063 2103 et
1093 2062 1380 2115 interpolatam
1408 2062 1578 2101 formam
1598 2059 1825 2100 carminum

347 2131 434 2170 fere
454 2132 630 2171 omnium
652 2132 974 2172 commodissime
990 2144 1114 2185 posse
1129 2131 1326 2185 explicari
1340 2131 1448 2171 dicit.
1485 2130 1614 2170 Miror
1628 2129 1825 2182 equidem,

348 2199 457 2253 quod
493 2200 559 2240 vir
589 2201 825 2254 ceteroquin
867 2201 1148 2250 cautissimus,
1195 2200 1263 2254 qui
1300 2199 1549 2240 coniiciendo
1576 2202 1662 2238 tam
1690 2199 1826 2237 arctos

348 2268 488 2320 posuit
517 2268 632 2318 fines,
662 2269 704 2308 in
734 2272 820 2308 tam
850 2270 1046 2309 audacem
1075 2269 1360 2317 coniecturam,
1391 2279 1497 2321 quae
1516 2267 1629 2306 nulla
1648 2268 1762 2305 certa
1780 2278 1826 2304 re

350 2336 545 2387 firmatur,
580 2337 732 2378 incidit.
805 2337 955 2378 Melius
993 2337 1145 2378 iudicat
1175 2339 1258 2391 (pg.
1288 2336 1389 2388 250)
1417 2336 1468 2376 de
1496 2335 1646 2389 hymno
1676 2335 1826 2374 nostro.

348 2405 514 2445 Etenim
552 2419 606 2445 ex
640 2408 790 2445 natura
819 2407 1015 2456 Veneris,
1045 2406 1177 2460 qualis
1207 2406 1249 2445 in
1278 2406 1429 2458 hymno
1457 2405 1598 2443 nostro
1629 2404 1715 2451 est,
1745 2415 1827 2442 non

349 2474 537 2515 dissimili
574 2486 748 2528 magnae
786 2475 906 2516 matri
941 2475 1009 2516 vel
1049 2474 1190 2516 Rheae
1218 2473 1424 2528 Phrygiae
1453 2474 1495 2513 et
1521 2485 1575 2513 ex
1601 2484 1669 2522 6ο,
1719 2471 1828 2525 quod

349 2544 635 2595 argumentum
664 2544 805 2596 hymni
833 2546 963 2583 totum
990 2546 1055 2583 est
1085 2544 1127 2583 in
1157 2543 1306 2583 sabulis
1332 2541 1499 2591 Troicis,
1529 2541 1724 2594 hymnum
1747 2552 1829 2579 non

349 2614 444 2652 ante
483 2624 574 2652 eam
614 2613 808 2662 aetatem,
847 2625 928 2666 qua
963 2613 1100 2653 cultus
1130 2604 1304 2665 magnae
1333 2611 1476 2652 matris
1506 2610 1615 2663 apud
1646 2607 1828 2650 Graecos

348 2680 476 2720 Asiae
512 2681 666 2721 incolas
706 2681 899 2730 invaluit,
937 2682 1069 2734 iisque
1098 2681 1219 2730 locis,
1257 2681 1326 2720 ubi
1355 2681 1435 2719 hae
1462 2678 1624 2719 fabulae
1653 2690 1728 2729 per
1757 2688 1829 2716 ora

446 2835 482 2879 1)
506 2845 568 2880 pg.
592 2833 670 2869 XX.
